@thesis{agambaExploringFacultyIntegration2012,
  title = {Exploring Faculty Integration of {{Moodle}} Resources: {{Effects}} of Theory-Based Training on Performance Objectives, {{Moodle}} Resource Integration, and Their Alignment},
  shorttitle = {Exploring Faculty Integration of {{Moodle}} Resources},
  author = {Agamba, Joachim Jack},
  date = {2012},
  institution = {ProQuest Dissertations Publishing},
  url = {https://www.proquest.com/docview/1054247453/abstract/A6AE7067FC484F9BPQ/1},
  urldate = {2024-01-17},
  abstract = {Higher education institutions have been noted to be lacking in increasing the utilization of technology for student achievement. The lack of motivation by individual faculty members to optimize their use of technology has been identified as one of the main problems affecting appropriate technology use. The purpose of this research was to determine whether theory-based training on performance objectives, Moodle resource integration, and their alignment, will affect the frequency and quality of integrating those resources. Faculty in a health professions department at a Carnegie-classified, doctoral research university-high in the intermountain west region were recruited to participate in this study. The study examined faculty Moodle course sites following training in developing performance objectives and aligning those objectives with specific Moodle resources, and obtained faculty interviews on barriers and concerns affecting optimal use of Moodle as well as the effects of a theory-based instructional workshop training. The study explored to what degree health professions faculty selected Moodle tools based on stated objectives and theoretical constructs as a learner-centered approach to instruction and their perceived alignment with such Moodle resources and determined their receptivity to a framework designed to guide such resource utility and integration. Results of the study indicated that among other factors, time constraints, passive resistance to change, and lack of awareness of theoretical and pedagogical rationales for Moodle tool selection accounted for a lack of faculty optimal Moodle tool variations selection and integration in their instructional practice.},
  isbn = {9781267627001},
  langid = {english}
}

@incollection{baerBegriffsbestimmungenUndDefinitionen2017,
  title = {Begriffsbestimmungen und Definitionen},
  booktitle = {Anwendungsbezogenes Projektmanagement: Praxis und Theorie für Projektleiter},
  author = {Bär, Christian and Fiege, Jens and Weiß, Markus},
  editor = {Bär, Christian and Fiege, Jens and Weiß, Markus},
  date = {2017},
  series = {Xpert.press},
  pages = {11--16},
  publisher = {Springer},
  location = {Berlin, Heidelberg},
  doi = {10.1007/978-3-662-52974-4_2},
  url = {https://doi.org/10.1007/978-3-662-52974-4_2},
  urldate = {2024-01-10},
  abstract = {Im Bereich des Projektmanagements kommt es in der Praxis zur vielfältigen und häufig nicht eindeutigen Verwendung von Fachbegriffen. Aus diesem Grund folgt, bereits vor der Darstellung der empfohlenen Projektmanagementmethodik, eine Definition und Begriffsbestimmung der in diesem Lehrbuch verwendeten Fachbegriffe.},
  isbn = {978-3-662-52974-4},
  langid = {ngerman},
  file = {/Users/lukas/Zotero/storage/TX3JZ53D/Bär et al. - 2017 - Begriffsbestimmungen und Definitionen.pdf}
}

@book{baurHandbuchMethodenEmpirischen2014,
  title = {Handbuch Methoden der empirischen Sozialforschung},
  editor = {Baur, Nina and Blasius, Jörg},
  date = {2014},
  publisher = {Springer Fachmedien Wiesbaden},
  location = {Wiesbaden},
  doi = {10.1007/978-3-531-18939-0},
  url = {https://link.springer.com/10.1007/978-3-531-18939-0},
  urldate = {2024-01-17},
  isbn = {978-3-531-17809-7 978-3-531-18939-0},
  langid = {ngerman},
  file = {/Users/lukas/Zotero/storage/64D4N3WU/Baur und Blasius - 2014 - Handbuch Methoden der empirischen Sozialforschung.pdf}
}

@inproceedings{becker10MoglichkeitenERPProjekt2008,
  title = {10 {{Möglichkeiten}}, Ein {{ERP-Projekt}} Zum {{Scheitern}} Zu Bringen},
  booktitle = {{{ERP-Auswahl}} Erfolgreich Gestalten},
  author = {Becker, Jörg and Winkelmann, Axel},
  date = {2008},
  publisher = {GITO mbH Verlag},
  url = {https://books.google.de/books?id=E-DM5Eq1fN8C&lpg=PA17&ots=ab3K5y5a-H&dq=10%20m%C3%B6glichkeiten%20ein%20erp%20projekt%20zum%20scheitern%20bringen&lr&hl=de&pg=PA17#v=onepage&q=10%20m%C3%B6glichkeiten%20ein%20erp%20projekt%20zum%20scheitern%20bringen&f=false},
  urldate = {2023-12-05},
  isbn = {3940019232}
}

@article{bilginHandlingProjectDependencies2017,
  title = {Handling Project Dependencies in Portfolio Management},
  author = {Bilgin, Gozde and Eken, Gorkem and Ozyurt, Beste and Dikmen, Irem and Birgonul, M. Talat and Ozorhon, Beliz},
  date = {2017-01-01},
  journaltitle = {Procedia Computer Science},
  shortjournal = {Procedia Computer Science},
  series = {{{CENTERIS}} 2017 - {{International Conference}} on {{ENTERprise Information Systems}} / {{ProjMAN}} 2017 - {{International Conference}} on {{Project MANagement}} / {{HCist}} 2017 - {{International Conference}} on {{Health}} and {{Social Care Information Systems}} and {{Technologies}}, {{CENTERIS}}/{{ProjMAN}}/{{HCist}} 2017},
  volume = {121},
  pages = {356--363},
  issn = {1877-0509},
  doi = {10.1016/j.procs.2017.11.048},
  url = {https://www.sciencedirect.com/science/article/pii/S1877050917322391},
  urldate = {2024-01-17},
  abstract = {Although construction is a project-based industry, management focus has recently shifted from projects to project portfolios to meet strategic objectives of companies that require holistic analysis of the projects undertaken. Dependencies between projects within a portfolio need to be taken into consideration since they may significantly affect the portfolio success with their combined effects. There are limited studies in the area of construction project portfolio management that investigate how the dependencies between projects can be handled. In this paper, a method is presented to calculate and visualize project dependencies to support decision making process within a portfolio management tool for construction projects. Within this context, a dependency map is proposed not only to identify different dependencies and their effects within the portfolio, but also to take into consideration the combined effect of dependencies. An illustrative case study is depicted in the paper to demonstrate how the proposed method works and how its results can be used to support decision-making during portfolio selection.},
  keywords = {decision support system,network analysis,portfolio management,project dependencies,visualization},
  file = {/Users/lukas/Zotero/storage/TMTZC84W/Bilgin et al. - 2017 - Handling project dependencies in portfolio managem.pdf;/Users/lukas/Zotero/storage/97NZRIAR/S1877050917322391.html}
}

@thesis{braatzEntwicklungMethodeZur2005a,
  type = {doctoralThesis},
  title = {Entwicklung einer Methode zur objektorientierten Spezifikation von Steuerungen},
  author = {Braatz, Arnulf},
  date = {2005},
  doi = {10.18419/opus-4051},
  url = {http://elib.uni-stuttgart.de/handle/11682/4068},
  urldate = {2024-01-11},
  abstract = {Der generelle Trend des steigenden Automatisierungsgrades in Produktionssystemen und die wachsende Dezentralisierung der dazu notwendigen Steuerungen haben zu einem starken Anwachsen von Software-basierten Steuerungsfunktionen in Produktionssystemen geführt. Aufgrund der Migration von Technologien aus der Informationstechnik in die Automatisierungstechnik lässt sich darüber hinaus eine weiter ansteigende Heterogenität bezüglich der Programmierung von Automatisierungsgeräten und Kommunikationssystemen beobachten. Um in diesem Umfeld komplexer werdender, Software-basierter Steuerungen kosteneffizient zu entwickeln, bedarf es einer entsprechenden Methode zur Spezifikation von Steuerungen. Ausgangspunkt hierfür sind die bewährten objektorientierten Methoden der Informationstechnik, die auf der Unified Modeling Language (UML) als Beschreibungsmittel basieren. In der Analyse der Spezifikationsmethoden und Beschreibungsmittel, die zurzeit in der Automatisierungstechnik und Softwaretechnik zur Anwendung kommen, wird gezeigt, dass diese nur in Teilen den Methoden-Axiomen, die als Anforderung verstanden werden, genügen. Weiterhin wird herausgestellt, dass sich die wichtigsten dort aufgeführten Beschreibungsmittel als Diagrammtypen in der UML wieder finden und somit eine objektorientierte Methode basierend auf der UML am besten geeignet ist, die gestellte Aufgabe zu erfüllen. Die im Stand der Wissenschaft vorgestellten Modelle aus der Automatisierungstechnik dienen im Kern zur Darstellung der System-Dekomposition von Steuerungen als mentale Modelle verstanden (Begriffsmodelle). Es wird gezeigt, dass diese Modelle mit ihren spezifischen Eigenschaften übertragen auf die UML diese als Beschreibungsmittel für Steuerungen notwendig ergänzen. Darüber hinaus wird dargestellt, dass durch die Nutzung der Erweiterungsmechanismen der UML für diese Abbildung die Anwendbarkeit, d.h. die Nutzung von Standard-CASE-Tools, erhalten bleibt. Konzeption und Entwicklung der so genannten ODEMA-Methode führen auf Basis des zu einem iterativ-inkrementellen Vorgehensmodell erweiterten Begriffs der Spezifikationsmethode und der um die entsprechenden Begriffsmodelle und Modellvorstellungen erweiterten UML zu einer objektorientierten Methode zur Spezifikation von Steuerungen. In diesem Kontext wird ein so genanntes UML-Profil für ein Plattform-unabhängiges Beschreibungsmittel entwickelt, das den Einsatz der Methode in einem Standard-CASE-Tool möglich macht. Des Weiteren werden in diesem Zusammenhang entsprechende Verfahren zur Prüfung der syntaktischen Konsistenz und semantischen Widerspruchsfreiheit eingeführt sowie deren Anwendung durch das Vorgehensmodell definiert.  Die abschließend vorgenommene Anwendung und Validation der Methode anhand der Referenzfallstudie Produktionstechnik weist die Anwendbarkeit  der entwickelten Methode nach.},
  isbn = {9783936947663},
  langid = {ngerman},
  annotation = {Accepted: 2005-11-07},
  file = {/Users/lukas/Zotero/storage/9AJQEF8U/Braatz - 2005 - Entwicklung einer Methode zur objektorientierten S.pdf}
}

@article{bradComparativeStudyAgile,
  title = {A {{Comparative Study}} of {{Agile Project Management Software Tools}}},
  author = {Brad, Marius-Constantin and Birloi, Florian-Cristian and Bratulescu, Alexandra and Blaga, Ioana-Bianca},
  volume = {16},
  number = {1},
  url = {https://www.economyinformatics.ase.ro/content/EN16/03%20-%20brad,%20birloi,%20bratulescu,%20blaga.pdf},
  urldate = {2024-01-03},
  abstract = {The paper aims to present a comparative analysis between 2 selected agile software tools: Atlassian Jira and Microsoft Team Foundation Server. In the next sections, we will present the methods of our study, expose the analysis of results, make a few discussions on the subject and draw our conclusions. The paper highlights the similarities and differences between these tools with respect to some identified functional requirements. The study will be done in two phases: (1) identification of the key functional requirements for agile management tools, and (2) a comparative analysis of the selected 2 tools. The study has shown that the identified key functional requirements that belong to the groups User stories and epics management, high-level release planning and low-level release planning have been mostly well covered by the examined tools. However, not all the basic functionalities are currently fully covered by some tools. The need for acceptance testing support has been recognized and efforts are being in this direction, although the current state is not satisfactory. User role modeling and personas support has not been covered entirely.},
  langid = {english},
  file = {/Users/lukas/Zotero/storage/NDEV2WLF/Brad et al. - A Comparative Study of Agile Project Management So.pdf}
}

@book{brandstaeterAgileITProjekteErfolgreich2013,
  title = {Agile IT-Projekte erfolgreich gestalten: Risikomanagement als Ergänzung zu Scrum},
  shorttitle = {Agile IT-Projekte erfolgreich gestalten},
  author = {Brandstäter, Jonathan},
  date = {2013},
  publisher = {Springer Fachmedien},
  location = {Wiesbaden},
  doi = {10.1007/978-3-658-04430-5},
  url = {https://link.springer.com/10.1007/978-3-658-04430-5},
  urldate = {2024-01-17},
  isbn = {978-3-658-04429-9 978-3-658-04430-5},
  langid = {ngerman},
  keywords = {Agiles Projektmanagement,Projektmanagement in IT-Projekten,Risiken in der Softwareentwicklung,Risiko und PMI,Risikomanagement für IT-Projekte,Risikomanagement für Scrum},
  file = {/Users/lukas/Zotero/storage/QYWZ3PCM/Brandstäter - 2013 - Agile IT-Projekte erfolgreich gestalten Risikoman.pdf}
}

@inproceedings{chenOrganizationalStructureDynamics2015,
  title = {Organizational Structure and the Dynamics of Collaboration Relationship},
  booktitle = {2015 {{IEEE International Conference}} on {{Industrial Engineering}} and {{Engineering Management}} ({{IEEM}})},
  author = {Chen, X. L. and Mahling, A. and Riedel, R. and Mueller, E.},
  date = {2015-12},
  pages = {460--464},
  publisher = {IEEE},
  location = {Singapore, Singapore},
  doi = {10.1109/IEEM.2015.7385689},
  url = {http://ieeexplore.ieee.org/document/7385689/},
  urldate = {2024-01-03},
  eventtitle = {2015 {{IEEE International Conference}} on {{Industrial Engineering}} and {{Engineering Management}} ({{IEEM}})},
  isbn = {978-1-4673-8066-9},
  langid = {english},
  file = {/Users/lukas/Zotero/storage/MTFDHUMD/Chen et al. - 2015 - Organizational structure and the dynamics of colla.pdf}
}

@article{dikmenLearningRisksTool2008,
  title = {Learning from Risks: {{A}} Tool for Post-Project Risk Assessment},
  shorttitle = {Learning from Risks},
  author = {Dikmen, I. and Birgonul, M. T. and Anac, C. and Tah, J. H. M. and Aouad, G.},
  date = {2008-12-01},
  journaltitle = {Automation in Construction},
  shortjournal = {Automation in Construction},
  volume = {18},
  number = {1},
  pages = {42--50},
  issn = {0926-5805},
  doi = {10.1016/j.autcon.2008.04.008},
  url = {https://www.sciencedirect.com/science/article/pii/S0926580508000691},
  urldate = {2024-01-17},
  abstract = {Risk management (RM) comprises of risk identification, risk analysis, response planning, monitoring and action planning tasks that are carried out throughout the life cycle of a project in order to ensure that project objectives are met. Although the methodological aspects of RM are well-defined, the philosophical background is rather vague. In this paper, a learning-based approach is proposed. In order to implement this approach in practice, a tool has been developed to facilitate construction of a lessons learned database that contains risk-related information and risk assessment throughout the life cycle of a project. The tool is tested on a real construction project. The case study findings demonstrate that it can be used for storing as well as updating risk-related information and finally, carrying out a post-project appraisal. The major weaknesses of the tool are identified as, subjectivity of the risk rating process and unwillingness of people to enter information about reasons of failure.},
  keywords = {Lessons learned,Post-project appraisal,Risk management,Vulnerability},
  file = {/Users/lukas/Zotero/storage/4QALW993/Dikmen et al. - 2008 - Learning from risks A tool for post-project risk .pdf;/Users/lukas/Zotero/storage/BHGC2PBU/S0926580508000691.html}
}

@article{easonDivisionLabourDesign1996,
  title = {Division of Labour and the Design of Systems for Computer Support for Cooperative Work},
  author = {Eason, Ken},
  date = {1996-03-01},
  journaltitle = {Journal of Information Technology},
  shortjournal = {J Inf Technol},
  volume = {11},
  number = {1},
  pages = {39--50},
  issn = {1466-4437},
  doi = {10.1080/026839696345414},
  url = {https://doi.org/10.1080/026839696345414},
  urldate = {2024-01-03},
  abstract = {The design of systems which provide computer support for cooperative work (CSCW) has been dominated by models of collaborative teams in academic or design environments. Such settings are characterized by a relatively egalitarian power distribution and a division of labour established locally by the collaborating parties. This paper describes other types of collaborative work in which the rôles of participants are characterized by pre-established divisions of labour and unequal power distribution. A case study is presented of a collaborative group allocating and scheduling service calls in an electricity company. Using the Organizational Requirements Definition for Information Technology (ORDIT) methods for responsibility analysis a number of alternative organizational structures are described which may serve this task. The alternatives are based upon different job design structures which distribute responsibilities to work roles by different rationales. An analysis is offered of the different CSCW systems that would be necessary to support these alternatives. The paper concludes by examining the implications of pre-established but variable organizational structures for the design of generic CSCW systems.},
  langid = {english}
}

@article{farnettiOPTIMIZINGCOMMUNICATIONFLOWS2022,
  title = {{{OPTIMIZING COMMUNICATION FLOWS USING A STANDARD BIM ORIENTED RACI MATRIX}}},
  author = {Farnetti, Bianca and Trani, Marco Lorenzo and Minotti, Natale Massimo},
  editor = {Vimonsatit, Sorn and Singh, Amarjit and Yazdani, Siamak},
  date = {2022-11},
  journaltitle = {Proceedings of International Structural Engineering and Construction},
  volume = {9},
  number = {2},
  issn = {2644-108X},
  doi = {10.14455/ISEC.2022.9(2).CPM-04},
  url = {https://www.isec-society.org/ISEC_PRESS/ASEA_SEC_06/xml/CPM-04.xml},
  urldate = {2024-01-03},
  abstract = {The AEC industry has witnessed a growth in complexity during design and construction phase driven by clients’ increasing expectations related to technology applications (i.e., BIM), quality delivered, time to execution and cost effectiveness. Hence, leveraging on productivity improvement techniques and organizational behavior models is becoming crucial to more efficiently co-ordinate heterogeneous stakeholders and designers. Previous research has recognized the importance of structured management solutions such as the RACI matrix (a particular type of RAM) as an enabler for efficient communication flows and prompt assignment of roles and responsibilities. However, rarely has been outlined the importance of having a standard RACI framework to be then integrated with specific add-ons in line with the characteristics of the project in scope. These include a Common Data Environment within BIM for data collection enabling a cross information approach between different design disciplines and stakeholders’ information requirements. The paper therefore proposes a method to integrate the abovementioned RACI standard framework for project management with project-specific addons and illustrates the main advantages obtained. These were empirically obtained through ad hoc AEC industry surveys and validated by qualitative impact analyses on renovation projects chosen for their high degree of complexity. Results suggest that the application of the above-mentioned standard framework drives more efficient communication flows and effectively assigns roles and responsibilities, ultimately improving time to execution and cost effectiveness.},
  langid = {english},
  file = {/Users/lukas/Zotero/storage/NSQL4S73/Farnetti et al. - 2022 - OPTIMIZING COMMUNICATION FLOWS USING A STANDARD BI.pdf}
}

@article{fazal-baqaieSkalierenGrossenAgilen2015,
  title = {Skalieren von großen agilen Projekten mit verteilten Backlogs},
  author = {Fazal-Baqaie, Masud and Güldali, Baris},
  date = {2015},
  url = {https://www.enabling-agile.de/wp-content/uploads/2020/03/Skalieren_von_grossen_agilen-_Projekten_mit_verteilten_Backlogs.pdf},
  urldate = {2024-01-11},
  langid = {ngerman},
  file = {/Users/lukas/Zotero/storage/MGMVE75B/Fazal-Baqaie - 2015 - Skalieren von großen agilen Projekten mit verteilt.pdf}
}

@inproceedings{filionUsingAtlassianTools2017,
  title = {Using {{Atlassian}} Tools for Efficient Requirements Management: {{An}} Industrial Case Study},
  shorttitle = {Using {{Atlassian}} Tools for Efficient Requirements Management},
  booktitle = {2017 {{Annual IEEE International Systems Conference}} ({{SysCon}})},
  author = {Filion, Luc and Daviot, Nicolas and Le Bel, Jean-Philippe and Gagnon, Marc},
  date = {2017-04},
  pages = {1--6},
  publisher = {IEEE},
  location = {Montreal, QC, Canada},
  doi = {10.1109/SYSCON.2017.7934769},
  url = {http://ieeexplore.ieee.org/document/7934769/},
  urldate = {2024-01-03},
  abstract = {This paper describes an industrial case study using Atlassian JIRA® and third party plugins for requirements management in the field of transit systems. The solution presented shows efficiency in supporting the management of requirements, traceability and the systems engineering processes globally. After a short description of the technologies in action and a brief overview of the process we targeted, we describe the collection of methods and technologies put into place and demonstrate their use in order to achieve our goal: reaching CMMI-2 for requirements management and traceability. We describe the current background and scope of work, the needs and goals to meet, and then we explain our configurations and possibilities. Our results describe several sets of metrics we have obtained for traceability, starting from a customer requirement down to tests, considering multi-level analysis with specific criteria (verified, tested and justified).},
  eventtitle = {2017 {{Annual IEEE International Systems Conference}} ({{SysCon}})},
  isbn = {978-1-5090-4623-2},
  langid = {english},
  file = {/Users/lukas/Zotero/storage/FCUSPEYE/Filion et al. - 2017 - Using Atlassian tools for efficient requirements m.pdf}
}

@book{gadatschGrundkursITProjektcontrollingGrundlagen2008,
  title = {Grundkurs IT-Projektcontrolling: Grundlagen, Methoden und Werkzeuge für Studierende und Praktiker},
  shorttitle = {Grundkurs IT-Projektcontrolling},
  author = {Gadatsch, Andreas},
  date = {2008},
  publisher = {Vieweg+Teubner},
  location = {Wiesbaden},
  doi = {10.1007/978-3-8348-9520-2},
  url = {http://link.springer.com/10.1007/978-3-8348-9520-2},
  urldate = {2024-01-16},
  isbn = {978-3-8348-0469-3 978-3-8348-9520-2},
  langid = {ngerman},
  keywords = {Controlling,Fortschrittskontrolle,IT-Controlling,IT-Projektmanagement,Methoden,Planung,Projektcontrolling,Projektmanagement,Projektplanung},
  file = {/Users/lukas/Zotero/storage/9786EHVX/Gadatsch - 2008 - Grundkurs IT-Projektcontrolling Grundlagen, Metho.pdf}
}

@incollection{gilzRequirementsEngineeringUnd2014,
  title = {Requirements Engineering und Requirements Management},
  booktitle = {Modellbasierte virtuelle Produktentwicklung},
  author = {Gilz, Torsten},
  editor = {Eigner, Martin and Roubanov, Daniil and Zafirov, Radoslav},
  date = {2014},
  pages = {53--75},
  publisher = {Springer},
  location = {Berlin, Heidelberg},
  doi = {10.1007/978-3-662-43816-9_3},
  url = {https://doi.org/10.1007/978-3-662-43816-9_3},
  urldate = {2024-01-11},
  abstract = {Um erfolgreich Produkte zu entwickeln ist es notwendig, von Anfang an die Anforderungen der Kunden und Benutzer zu kennen und in die Entwicklung einfließen zu lassen. Dies erfolgt meist bereits vor dem Start einer Entwicklung durch Marktanalysen und Analysen zum Nutzerverhalten. Darauf aufbauend werden im Requirements Engineering die technischen und vielfältigen Verhaltens-, Qualitäts- und Integrationsanforderungen festgehalten und verwaltet, um so bereits frühzeitig die Qualität des Produktes und die Kundenzufriedenheit sicher zu stellen. Wegen steigender Komplexität entwickelter Systeme ist der Nutzen von Methoden und Werkzeugen des Requirements Engineerings klar zu fassen und ihr Einsatz – trotz erhöhten Aufwandes – unumgänglich. Requirements Management führt zu konkreteren Entwicklungszielen, die effektiveres Entwickeln ermöglichen, da Änderungen und Fehler früher erkannt und umgesetzt werden. Dadurch können Verzögerungen zum Ende hin reduziert werden.},
  isbn = {978-3-662-43816-9},
  langid = {ngerman},
  file = {/Users/lukas/Zotero/storage/RHK9CVFY/Gilz - 2014 - Requirements Engineering und Requirements Manageme.pdf}
}

@incollection{goehlichArbeitenMitAnforderungen2021,
  title = {Arbeiten mit Anforderungen: Requirements Management},
  shorttitle = {Arbeiten mit Anforderungen},
  booktitle = {Pahl/Beitz Konstruktionslehre: Methoden und Anwendung erfolgreicher Produktentwicklung},
  author = {Göhlich, Dietmar and Fay, Tu-Anh},
  editor = {Bender, Beate and Gericke, Kilian},
  date = {2021},
  pages = {211--229},
  publisher = {Springer},
  location = {Berlin, Heidelberg},
  doi = {10.1007/978-3-662-57303-7_8},
  url = {https://doi.org/10.1007/978-3-662-57303-7_8},
  urldate = {2024-01-11},
  abstract = {Im vorstehenden Kapitel wurde beschrieben, wie eine initiale Anforderungsbasis über das Ermitteln, Spezifizieren, Analysieren und Strukturieren von Anforderungen entwickelt wird~(Requirements Engineering). Diese Anforderungsbasis ist aber keineswegs statisch, sondern unterliegt im weiteren Verlauf des Produktentstehungsprozesses einer ständigen Analyse, Priorisierung, Weiterentwicklung und Verifizierung. Das Entwickeln und das Arbeiten mit Anforderungen müssen, wie in Abb.~8.1 dargestellt, also eng verzahnt und aufeinander abgestimmt erfolgen.},
  isbn = {978-3-662-57303-7},
  langid = {ngerman},
  file = {/Users/lukas/Zotero/storage/K4AP5788/Göhlich und Fay - 2021 - Arbeiten mit Anforderungen Requirements Managemen.pdf}
}

@article{goepelDeutscheDatenschutzaspekteBei2008,
  title = {Deutsche {{Datenschutzaspekte}} Bei {{Lernmanagementsystemen}} Am {{Beispiel}} von {{Moodle}}},
  author = {Goepel, Miro and Jeschke, Sabina and Knipping, Lars},
  date = {2008-03-01},
  file = {/Users/lukas/Zotero/storage/LSHCUD72/Goepel et al. - 2008 - Deutsche Datenschutzaspekte bei Lernmanagementsyst.pdf}
}

@book{gollMitScrumGewuenschten2015,
  title = {Mit Scrum zum gewünschten System},
  author = {Goll, Joachim and Hommel, Daniel},
  date = {2015},
  publisher = {Springer Fachmedien Wiesbaden},
  location = {Wiesbaden},
  doi = {10.1007/978-3-658-10721-5},
  url = {https://link.springer.com/10.1007/978-3-658-10721-5},
  urldate = {2024-01-11},
  isbn = {978-3-658-10720-8 978-3-658-10721-5},
  langid = {ngerman},
  file = {/Users/lukas/Zotero/storage/ZWYHSVZR/Goll und Hommel - 2015 - Mit Scrum zum gewünschten System.pdf}
}

@article{hanschkeAgilePlanungNur2016,
  title = {Agile Planung — nur so viel planen wie nötig},
  author = {Hanschke, Inge},
  date = {2016-08-01},
  journaltitle = {Wirtschaftsinformatik \& Management},
  shortjournal = {Wirtsch Inform Manag},
  volume = {8},
  number = {4},
  pages = {70--78},
  issn = {1867-5913},
  doi = {10.1007/s35764-016-0063-1},
  url = {https://doi.org/10.1007/s35764-016-0063-1},
  urldate = {2024-01-11},
  langid = {ngerman},
  file = {/Users/lukas/Zotero/storage/KBF8NU9S/Hanschke - 2016 - Agile Planung — nur so viel planen wie nötig.pdf}
}

@book{hobelGABLERBUSINESSWISSENAZ2006,
  title = {GABLER BUSINESS-WISSEN A-Z Projektmanagement},
  author = {Hobel, Bernhard and Schütte, Silke},
  date = {2006},
  publisher = {Gabler},
  location = {Wiesbaden},
  doi = {10.1007/978-3-8349-9102-7},
  url = {http://link.springer.com/10.1007/978-3-8349-9102-7},
  urldate = {2024-01-03},
  isbn = {978-3-409-12547-5 978-3-8349-9102-7},
  langid = {ngerman},
  keywords = {Business,Controlling,Krisenmanagement,Management,Management von Projekten,Multiprojektmanagement,Planung,Projekt-Controlling,Projektabnahme,Projektabschluss,Projekte,Projektmanagement,Projektmarketing,Projektplanung,Standards (Prozesse Hand},
  file = {/Users/lukas/Zotero/storage/8WI8ZW62/Hobel und Schütte - 2006 - GABLER BUSINESS-WISSEN A-Z Projektmanagement.pdf}
}

@book{holzbaurNachhaltigesProjektmanagementVerantwortlichkeit2022,
  title = {Nachhaltiges Projektmanagement: Verantwortlichkeit und Umsetzung in zukunftsorientierten Organisationen},
  shorttitle = {Nachhaltiges Projektmanagement},
  author = {Holzbaur, Ulrich and Fierke, Moritz},
  date = {2022},
  series = {essentials},
  publisher = {Springer Fachmedien},
  location = {Wiesbaden},
  doi = {10.1007/978-3-658-37031-2},
  url = {https://link.springer.com/10.1007/978-3-658-37031-2},
  urldate = {2023-12-09},
  isbn = {978-3-658-37030-5 978-3-658-37031-2},
  langid = {ngerman},
  keywords = {Auftrag,Objekte der Nachhaltigkeit,Projektorganisation,Projektziel,Zukunftsorientierung},
  file = {/Users/lukas/Zotero/storage/9VRQVTDM/Holzbaur und Fierke - 2022 - Nachhaltiges Projektmanagement Verantwortlichkeit.pdf}
}

@article{houdekRequirementsEngineeringErfahrungen2003,
  title = {Requirements {{Engineering Erfahrungen}} in {{Projekten}} Der {{Automobilindustrie}}},
  author = {Houdek, Frank},
  date = {2003-01-01},
  journaltitle = {Softwaretechnik-Trends},
  shortjournal = {Softwaretechnik-Trends},
  volume = {23},
  url = {https://www.researchgate.net/profile/Frank-Houdek-2/publication/220571119_Requirements_Engineering_Erfahrungen_in_Projekten_der_Automobilindustrie/links/5e8b164792851c2f5283290c/Requirements-Engineering-Erfahrungen-in-Projekten-der-Automobilindustrie.pdf},
  urldate = {2024-01-11},
  file = {/Users/lukas/Zotero/storage/MPMG5842/Houdek - 2003 - Requirements Engineering Erfahrungen in Projekten .pdf}
}

@incollection{hruschkaAgileSoftwareentwicklungGrossen2009,
  title = {Agile Softwareentwicklung in großen Projekten},
  booktitle = {Agility kompakt: Tipps für erfolgreiche Systementwicklung},
  author = {Hruschka, Peter and Rupp, Chris and Starke, Gernot},
  editor = {Hruschka, Peter and Rupp, Chris and Starke, Gernot},
  date = {2009},
  series = {IT kompakt},
  pages = {92--96},
  publisher = {Spektrum Akademischer Verlag},
  location = {Heidelberg},
  doi = {10.1007/978-3-8274-2204-0_4},
  url = {https://doi.org/10.1007/978-3-8274-2204-0_4},
  urldate = {2024-01-11},
  abstract = {Es gibt jede Menge Tipps und Tricks, wie agile Methoden in kleinen Projekten funktionieren. Leider fi nden Sie jedoch nach wie vor wenig darüber, wie agile Methoden auch große Projekte unterstützen können. eXtreme Programming nach [Beck00] ist nur für Teams von weniger als 12 bis 15 Mitarbeiter geeignet. Zu Scrum gibt es hingegen Aussagen von Ken Schwaber, der von Teamgrößen mit bis zu 400 Mitarbeitern spricht. Allerdings ist in diesem Bereich ebenso wie bei eXtreme Programming bisher wenig Konkretes publiziert. Die Crystal- Familie andererseits trägt unterschiedlichen Teamgrößen über die Farbskala Rechnung, gibt aber bisher keine Hinweise zu den dunkleren Farbtönen, d. h. für Teams mit mehr als 40 Mitarbeitern.},
  isbn = {978-3-8274-2204-0},
  langid = {ngerman},
  file = {/Users/lukas/Zotero/storage/83PPZ6C6/Hruschka et al. - 2009 - Agile Softwareentwicklung in großen Projekten.pdf}
}

@book{koenigsITRisikomanagementMitSystem2017,
  title = {IT-Risikomanagement mit System},
  author = {Königs, Hans-Peter},
  date = {2017},
  publisher = {Springer Fachmedien},
  location = {Wiesbaden},
  doi = {10.1007/978-3-658-12004-7},
  url = {http://link.springer.com/10.1007/978-3-658-12004-7},
  urldate = {2024-01-17},
  isbn = {978-3-658-12003-0 978-3-658-12004-7},
  langid = {ngerman},
  keywords = {Business Continuity Management,CIO,Compliance,Corporate Governance,Datenschutz-Praxis,Informations-Sicherheit,IT Governance,IT Risikomanagement,IT-Grundschutz,IT-Risiken,IT-Risiko-Management,IT-Risikomanagement,IT-Sicherheit,IT-Strategie,KES,Risiko-Management-Prozess,Risikomanagement,Unternehmensrisiken},
  file = {/Users/lukas/Zotero/storage/C8ZG49UG/Königs - 2017 - IT-Risikomanagement mit System.pdf}
}

@book{kusay-merkleAgilesProjektmanagementIm2018,
  title = {Agiles Projektmanagement im Berufsalltag: Für mittlere und kleine Projekte},
  shorttitle = {Agiles Projektmanagement im Berufsalltag},
  author = {Kusay-Merkle, Ursula},
  date = {2018},
  publisher = {Springer Berlin Heidelberg},
  location = {Berlin, Heidelberg},
  doi = {10.1007/978-3-662-56800-2},
  url = {http://link.springer.com/10.1007/978-3-662-56800-2},
  urldate = {2024-01-16},
  isbn = {978-3-662-56799-9 978-3-662-56800-2},
  langid = {ngerman},
  file = {/Users/lukas/Zotero/storage/KRU5CTFS/Kusay-Merkle - 2018 - Agiles Projektmanagement im Berufsalltag Für mitt.pdf}
}

@book{kusterHandbuchProjektmanagementAgil2022,
  title = {Handbuch Projektmanagement: Agil – Klassisch – Hybrid},
  shorttitle = {Handbuch Projektmanagement},
  author = {Kuster, Jürg and Bachmann, Christian and Hubmann, Mike and Lippmann, Robert and Schneider, Patrick},
  date = {2022},
  publisher = {Springer},
  location = {Berlin, Heidelberg},
  doi = {10.1007/978-3-662-65473-6},
  url = {https://link.springer.com/10.1007/978-3-662-65473-6},
  urldate = {2024-01-16},
  isbn = {978-3-662-65472-9 978-3-662-65473-6},
  langid = {ngerman},
  keywords = {Agiles Projektmanagement,Führung,Hybrides Projektmanagement,Klassisches Projektmanagement,Management,Organisation,Planung,Projektmanagement,RACI},
  file = {/Users/lukas/Zotero/storage/BACC4WQR/Kuster et al. - 2022 - Handbuch Projektmanagement Agil – Klassisch – Hyb.pdf}
}

@incollection{lauberWieFormalSoll1981,
  title = {Wie formal soll und darf die Beschreibung des Pflichtenheftes für ein Prozeßautomatisierungssystem sein?},
  booktitle = {GI — 11. Jahrestagung: In Verbindung mit Third Conference of the European Co-operation in Informatics (ECI) München, 20.–23. Oktober 1981 Proceedings},
  author = {Lauber, R. and Jovalekić, S.},
  editor = {Brauer, Wilfried},
  date = {1981},
  series = {Informatik-Fachberichte},
  pages = {482--490},
  publisher = {Springer},
  location = {Berlin, Heidelberg},
  doi = {10.1007/978-3-662-01089-1_47},
  url = {https://doi.org/10.1007/978-3-662-01089-1_47},
  urldate = {2024-01-10},
  abstract = {“Die Antwort auf die Probleme der Software heißt: Software” [1]. Diese Erkenntnis hat dazu geführt, daß in den letzten Jahren eine Reihe von rechnergestützten Spezifikations- und Entwurfssystemen entwickelt wurden mit dem Ziel, die kreative Tätigkeit des Entwickelns von Rechner-Software und -Hardware zwar den beteiligten Menschen zu überlassen, ihnen dabei aber unterstützende Software-Werkzeuge verfügbar zu machen [2]. Die Unterstützung besteht — neben der automatischen Herstellung der Dokumentation — vor allem in der Bereitstellung von Hilfen und Prüfungen zur Erkennung möglicher Fehler im Sinne einer Vermeidung der oben angesprochenen “Probleme der Software”. Diese Probleme entstehen nämlich durch (von einem gewissen Komplexitätsgrad an unvermeidliche) sog. “menschliche Fehlermechanismen”, wie z.B. Denkfehler, Kommunikationsfehler, Interpretationsfehler, Flüchtigkeitsfehler usw. [3]. Die Auswirkungen dieser Fehlermechanismen (bezüglich der Kosten für ihre Beseitigung) sind umso schwerwiegender, je “früher” sie auftreten. Aus diesem Grunde kommt der Rechnerunterstützung gerade in den früheren Phasen eines Projekts (d.h. bei der Problemanalyse und der Pflichtenhefterstellung) große Bedeutung zu.},
  isbn = {978-3-662-01089-1},
  langid = {ngerman}
}

@book{laudonWirtschaftsinformatikEinfuehrung2016,
  title = {Wirtschaftsinformatik: eine Einführung},
  shorttitle = {Wirtschaftsinformatik},
  author = {Laudon, Kenneth C. and Laudon, Jane Price and Schoder, Detlef},
  translator = {Martin, E. and Knebel-Heil, Henrika},
  date = {2016},
  series = {Wi - Wirtschaft},
  edition = {3., vollständig überarbeitete Auflage},
  publisher = {Pearson},
  location = {Hallbergmoos},
  url = {https://www.pearson.de/wirtschaftsinformatik-9783868942699},
  urldate = {2023-12-06},
  abstract = {Diese umfassende Einführung in die moderne Wirtschaftsinformatik von K. Laudon, J. Laudon und D. Schoder in der nun dritten, vollständig überarbeiteten und erweiterten Auflage begreift Informationssysteme als soziotechnische Systeme und vermittelt diese aus den drei Perspektiven "Technik", "Management" und "Organisation". Das Lehrbuch integriert dabei die Erkenntnisse der beiden Schwesterdisziplinen Information Systems und Wirtschaftsinformatik. Gruppenprojekte, Leitfragen und über 60 neue Fallstudien - darunter über ein Dutzend Video-gestützt - helfen bei der Vertiefung der Materie.(Verlagstext)},
  isbn = {978-3-86894-269-9},
  langid = {ngerman},
  pagetotal = {1079},
  file = {/Users/lukas/Zotero/storage/7VR8FFT6/Laudon et al. - 2016 - Wirtschaftsinformatik eine Einführung.pdf}
}

@article{mankinsStopWastingValuable2004c,
  title = {Stop {{Wasting Valuable Time}}},
  author = {Mankins, Michael C},
  date = {2004},
  journaltitle = {harvard business review},
  url = {http://www.fnc.roundtablecenter.com/wp-content/uploads/2007/07/stop-wasting-valuable-time-hbr.pdf},
  urldate = {2023-12-09},
  langid = {english},
  file = {/Users/lukas/Zotero/storage/4RXT5Z5L/Mankins - 2004 - Stop Wasting Valuable Time.pdf}
}

@inproceedings{ortuMeasuringUnderstandingEffectiveness2015,
  title = {Measuring and {{Understanding}} the {{Effectiveness}} of {{JIRA Developers Communities}}},
  booktitle = {2015 {{IEEE}}/{{ACM}} 6th {{International Workshop}} on {{Emerging Trends}} in {{Software Metrics}}},
  author = {Ortu, Marco and Destefanis, Giuseppe and Kassab, Mohamad and Marchesi, Michele},
  date = {2015-05},
  pages = {3--10},
  publisher = {IEEE},
  location = {Florence, Italy},
  doi = {10.1109/WETSoM.2015.10},
  url = {http://ieeexplore.ieee.org/document/7181585/},
  urldate = {2024-01-16},
  abstract = {Tools for project management and issues/bugs tracking are becoming useful for governing the development process of Open Source software. Such tools simplify the communications process among developers and ensure the scalability of a project. The more information developers are able to exchange, the clearer are the goals, and the higher is the number of developers keen on joining and actively collaborating on a project. In this paper we present a preliminary empirical analysis of the communities-structure of developers in JIRA by analyzing 7 popular projects hosted in the repository. We analyze how these communities perform in terms of issue-resolution time of any given issue. The main contributions of this work are the confirmation of the existence of communities in developer networks, and the empirical finding that the issue resolutiontime of any given issue is not correlated with the dimension of a developer community.},
  eventtitle = {2015 {{IEEE}}/{{ACM}} 6th {{International Workshop}} on {{Emerging Trends}} in {{Software Metrics}} ({{WETSoM}})},
  isbn = {978-1-4673-7103-2},
  langid = {english},
  file = {/Users/lukas/Zotero/storage/73YW8V4R/Ortu et al. - 2015 - Measuring and Understanding the Effectiveness of J.pdf}
}

@incollection{osterhageAnhangProjektmanagement2016,
  title = {Anhang 2: Projektmanagement},
  shorttitle = {Anhang 2},
  booktitle = {Notfallmanagement in Kommunikationsnetzen},
  author = {Osterhage, Wolfgang W.},
  editor = {Osterhage, Wolfgang W.},
  date = {2016},
  series = {Xpert.press},
  pages = {119--128},
  publisher = {Springer},
  location = {Berlin, Heidelberg},
  doi = {10.1007/978-3-662-45660-6_11},
  url = {https://doi.org/10.1007/978-3-662-45660-6_11},
  urldate = {2024-01-03},
  abstract = {Die bisher behandelte Vorgehensweise bei der Entwicklung der Voraussetzungen für ein gelingendes Notfallmanagement inklusive Testung hat klar gezeigt, dass sich diese nur im Rahmen eines eigenständigen Projektes realisieren lassen. Deshalb bietet es sich an, die zugehörigen organisatorischen Maßnahmen durch eine entsprechende Systemstützung zu flankieren. Eine solche systemtechnische Flankierung ist sinnvoll, um die gesamte Komplexität eines solchen Projektes besser zu beherrschen. Systeme, die das Projektmanagement unterstützen, laufen unter dem Kürzel PMS: Projektmanagementsystem. Auf diese soll in diesem Kapitel näher eingegangen werden.},
  isbn = {978-3-662-45660-6},
  langid = {ngerman},
  file = {/Users/lukas/Zotero/storage/AR9W3AGR/Osterhage - 2016 - Anhang 2 Projektmanagement.pdf}
}

@incollection{panagosToolsUndMassnahmen2019,
  title = {Tools und Maßnahmen zur Unterstützung in der Transformation},
  booktitle = {Transformation von Unternehmen und Technologie: Wie sich die Daten- und Prozess-Migration erfolgreich steuern und umsetzen lässt},
  author = {Panagos, Georg and Hammer, Christian},
  editor = {Panagos, Georg and Hammer, Christian},
  date = {2019},
  pages = {113--128},
  publisher = {Springer},
  location = {Berlin, Heidelberg},
  doi = {10.1007/978-3-662-54052-7_6},
  url = {https://doi.org/10.1007/978-3-662-54052-7_6},
  urldate = {2024-01-16},
  abstract = {Die Transformation umfasst mehr als nur Managementmethoden. Gerade die Entscheidung, eine toolgestützte TransformationTransformationtoolgestützte durchzuführen, wirft eine ganze Reihe von Fragen auf, die wir im Folgenden betrachten werden: Wie nachhaltig kann, sollte bzw. muss die technische Lösung sein? Gibt es eine Grenze, ab wann es nicht mehr sinnvoll ist, die Transformation technisch zu unterstützen? Ist es billiger, eine Reihe von studentischen Hilfskräften zu beschäftigen oder doch lieber ein Tool individuell zu entwickeln?},
  isbn = {978-3-662-54052-7},
  langid = {ngerman},
  keywords = {ETL,Sustainability,Transformationswerkzeuge},
  file = {/Users/lukas/Zotero/storage/RC4IRN2I/Panagos und Hammer - 2019 - Tools und Maßnahmen zur Unterstützung in der Trans.pdf}
}

@article{rehaPROJECTMANAGEMENTTOOLS2021,
  title = {{{PROJECT MANAGEMENT TOOLS IN THE CLASSROOM}}: {{USING THE ATLASSIAN TOOL SUITE IN THE CLASSROOM}}},
  author = {Reha, Mark and Fai, Victoria},
  date = {2021},
  journaltitle = {Journal of Instructional Research},
  volume = {10},
  url = {https://files.eric.ed.gov/fulltext/EJ1314155.pdf},
  urldate = {2024-01-03},
  abstract = {Students are pressed for time, struggle to manage their time, and often do not have the training and tools to help them out. Are there some cost-effective tools that could be used by both faculty and students to help solve this problem? This paper documents the results of analyzing one such tool that could be used in the classroom to help students solve this problem especially for complex and lengthy courses. The Atlassian Tool Suite is analyzed as a project management tool to help students complete their Senior Capstone Project in an undergraduate program in Software Design and Development at a major university in the United States. Both the student perspective and the instructor perspective on using the Atlassian Tool Suite are explored. The benefits of using the Atlassian Tool Suite for students and the university are presented and recommendations for integrating the Atlassian Tool Suite into the classroom are given at the end.},
  langid = {english},
  file = {/Users/lukas/Zotero/storage/KNXUAWA9/Reha und Fai - 2021 - PROJECT MANAGEMENT TOOLS IN THE CLASSROOM USING T.pdf}
}

@incollection{schellongEnergiemanagementsysteme2016,
  title = {Energiemanagementsysteme},
  booktitle = {Analyse und Optimierung von Energieverbundsystemen},
  author = {Schellong, Wolfgang},
  editor = {Schellong, Wolfgang},
  date = {2016},
  pages = {495--518},
  publisher = {Springer},
  location = {Berlin, Heidelberg},
  doi = {10.1007/978-3-662-49463-9_10},
  url = {https://doi.org/10.1007/978-3-662-49463-9_10},
  urldate = {2024-01-11},
  abstract = {Energiemanagement unterstützt Maßnahmen zur effizienten Energienutzung, die sich aus betriebswirtschaftlichen und umweltpolitischen Zielen ergeben. Es untersucht dabei den Weg der Energie von der Bereitstellung mit unterschiedlichen Energieträgern, über die Energieverteilung bis hin zur Energieanwendung. Wir beschreiben in diesem Kapitel Anforderungen für die Entwicklung und Implementierung von Energiemanagementsystemen. Diese umfassen die inhaltlichen und organisatorischen Aspekte, die bei der Softwareentwicklung solcher Systeme zu erfüllen sind. Die Struktur eines Lastenhefts zur Entwicklung von Energiemanagementsystemen wird vorgestellt.},
  isbn = {978-3-662-49463-9},
  langid = {ngerman},
  file = {/Users/lukas/Zotero/storage/INJSVJU3/Schellong - 2016 - Energiemanagementsysteme.pdf}
}

@incollection{schuesslerEinfuehrungDokumentenManagementSystemsFuer2008,
  title = {Einführung eines Dokumenten-Management-Systems für die Anlagendokumentation},
  booktitle = {Dokumentation verfahrenstechnischer Anlagen: Praxishandbuch mit Checklisten und Beispielen},
  author = {Schüßler, Manfred},
  editor = {Weber, Klaus H. and Schüßler, Manfred},
  date = {2008},
  series = {VDI-Buch},
  pages = {267--296},
  publisher = {Springer},
  location = {Berlin, Heidelberg},
  doi = {10.1007/978-3-540-85124-0_7},
  url = {https://doi.org/10.1007/978-3-540-85124-0_7},
  urldate = {2024-01-11},
  abstract = {Die folgenden Ausführungen beschreiben eine bewährte und erfolgreiche Methodik sowie die zugehörigen inhaltlichen Schwerpunkte, die bei der Vorbereitung und Einführung eines Dokumenten-Management-Systems (DMS) für eine verfahrenstechnische Anlage zu beachten sind. Sie resultieren insbesondere aus den langjährigen praktischen Erfahrungen des Verfassers und aus zahlreichen Gesprächen mit Fachkollegen.},
  isbn = {978-3-540-85124-0},
  langid = {ngerman},
  file = {/Users/lukas/Zotero/storage/3VZJU9P2/Schüßler - 2008 - Einführung eines Dokumenten-Management-Systems für.pdf}
}

@article{schweighoferDevelopmentQuizImplementation2019,
  title = {Development of a {{Quiz}} – {{Implementation}} of a ({{Self-}}) {{Assessment Tool}} and Its {{Integration}} in {{Moodle}}},
  author = {Schweighofer, Jakob and Taraghi, Behnam and Ebner, Martin},
  date = {2019-12-06},
  journaltitle = {International Journal of Emerging Technologies in Learning (iJET)},
  shortjournal = {International Journal of Emerging Technologies in Learning (iJET)},
  volume = {14},
  pages = {141},
  doi = {10.3991/ijet.v14i23.11484},
  abstract = {Technology Enhanced Learning has become more popular in recent times and many organizations and universities use it as a key instrument in various teaching and training scenarios. At the University of Technology of Graz, some courses require randomized quizzes where question variables can be assigned by arbitrary mathematical functions and this feature is missing in the current solutions. This article describes the development of a quiz application that can be integrated into Moodle by utilization of the Learning Tools Interoperability protocol (LTI). The PHP application is built to support programmable questions that can contain JavaScript and HTML code. Teachers are able to build interactive, randomized quizzes, in which the random variables can be assigned with complex mathematical functions. Furthermore, the application provides a programmable grading mechanism. With this mechanism, it is possible for students to self-assess their performance, as well as for teachers to formally assess their students' learning success automatically and send the results back to Moodle (or other LTI compatible consumer applications).},
  file = {/Users/lukas/Zotero/storage/P597VCVS/Schweighofer et al. - 2019 - Development of a Quiz – Implementation of a (Self-.pdf}
}

@book{stoegerWirksamesProjektmanagementMit2019,
  title = {Wirksames Projektmanagement: Mit dem Project Model Canvas zu Resultaten},
  shorttitle = {Wirksames Projektmanagement},
  author = {Stöger, Roman},
  date = {2019},
  publisher = {Schäffer-Poeschel},
  doi = {10.34156/9783791043289},
  url = {https://elibrary.vahlen.de/index.php?doi=10.34156/9783791043289},
  urldate = {2023-12-09},
  isbn = {978-3-7910-4328-9},
  langid = {ngerman},
  file = {/Users/lukas/Zotero/storage/BF8KL557/Stöger - 2019 - Wirksames Projektmanagement Mit dem Project Model.pdf}
}

@article{stulzRiskManagementFailures2008,
  title = {Risk {{Management Failures}}: {{What Are They}} and {{When Do They Happen}}?},
  shorttitle = {Risk {{Management Failures}}},
  author = {Stulz, René M.},
  date = {2008},
  journaltitle = {Journal of Applied Corporate Finance},
  volume = {20},
  number = {4},
  pages = {39--48},
  issn = {1745-6622},
  doi = {10.1111/j.1745-6622.2008.00202.x},
  url = {https://onlinelibrary.wiley.com/doi/abs/10.1111/j.1745-6622.2008.00202.x},
  urldate = {2024-01-17},
  abstract = {The difficulties of the past year have convinced many observers that current risk management practices are deeply flawed, and that such flaws have contributed greatly to the current financial crisis. In this paper, the author challenges this view by showing the need to distinguish between flawed assessments by risk managers and corporate risk-taking decisions that, although resulting in losses, were reasonable at the time they were made. In making this distinction, the paper also identifies a number of different ways that risk management can fail. In addition to choosing the wrong risk metrics and misidentifying or mismeasuring risks, risk managers can fail to communicate their risk assessments and provide effective guidance to top management and boards. And once top management has used that information to help determine the firm's risk appetite and strategy, the risk management function can also fail to monitor risks appropriately and maintain the firm's targeted risk positions. But if risk management has been mistakenly identified as the culprit in many cases, current risk management practice can be improved by taking into account the lessons from financial crises past and present. In particular, such crises have occurred with enough frequency that crisis conditions can be modeled, at least to some extent. And when models reach their limits of usefulness, companies should consider using scenario planning that aims to reveal the implications of crises for their financial health and survival. Instead of relying on past data, scenario planning must use forward-looking economic analysis to evaluate the expected impact of sudden illiquidity and the associated feedback effects that are common in financial crises.},
  langid = {english},
  file = {/Users/lukas/Zotero/storage/S7WFJ6WG/Stulz - 2008 - Risk Management Failures What Are They and When D.pdf;/Users/lukas/Zotero/storage/2WH72WU6/j.1745-6622.2008.00202.html}
}

@article{suhandaRACIMatrixDesign2021,
  title = {{{RACI Matrix Design}} for {{Managing Stakeholders}} in {{Project Case Study}} of {{PT}}. {{XYZ}}},
  author = {Suhanda, Rahmad and Pratami, Devi},
  date = {2021-07-31},
  journaltitle = {International Journal of Innovation in Enterprise System},
  shortjournal = {International Journal of Innovation in Enterprise System},
  volume = {5},
  pages = {122--133},
  doi = {10.25124/ijies.v5i02.134},
  url = {https://www.researchgate.net/publication/354214293_RACI_Matrix_Design_for_Managing_Stakeholders_in_Project_Case_Study_of_PT_XYZ},
  urldate = {2024-01-03},
  abstract = {Stakeholders are one of the most significant factors in the success of a project. The creation of good team performance in a project is caused by clear work responsibilities given to each project stakeholder so that stakeholders have responsibility for their work and can complete their work correctly. The responsibility assignment matrix is a method for managing the roles of each resource and describing the relationship between jobs for each job in the project, which is classified into four parts, namely Responsible, Assignment, Consult, and Informed. In this paper, a matrix will be designed to manage the work assignments of each stakeholder involved in the case of delays in project completion at PT. XYZ uses the RACI Matrix method as a guide. The results of the work assignment matrix design in the case study project of PT. XYZ shows that 12 stakeholders are grouped into four classifications according to the RACI components, which are arranged based on the level of interest and responsibility of each stakeholder to the project.},
  file = {/Users/lukas/Zotero/storage/LTDURWF8/Suhanda und Pratami - 2021 - RACI Matrix Design for Managing Stakeholders in Pr.pdf}
}

@article{wilsonGanttChartsCentenary2003,
  title = {Gantt Charts: {{A}} Centenary Appreciation},
  shorttitle = {Gantt Charts},
  author = {Wilson, James M.},
  date = {2003-09-01},
  journaltitle = {European Journal of Operational Research},
  shortjournal = {European Journal of Operational Research},
  series = {Sequencing and {{Scheduling}}},
  volume = {149},
  number = {2},
  pages = {430--437},
  issn = {0377-2217},
  doi = {10.1016/S0377-2217(02)00769-5},
  url = {https://www.sciencedirect.com/science/article/pii/S0377221702007695},
  urldate = {2024-01-03},
  abstract = {With the proliferation of microcomputer based project management packages Gantt charts have enjoyed a revival in their use. Although Henry L. Gantt is recognized as their developer their origins and provenance are less well known. Gantt was a close associate of Frederick W. Taylor and an advocate of Scientific Management. His paper describing the use of “graphics” for general production planning appeared alongside Taylor’s Shop Management in 1903 and was an integral and critical component of Taylor’s system. Without Gantt’s charts to plan the workloads for men and machines both in departments and throughout the factory Taylor’s system would have been unworkable. The focus of this paper is to describe more fully their development and early history; and review their contemporary uses and future prospects.},
  keywords = {Gantt charts,Machine loading,Production planning,Project management},
  file = {/Users/lukas/Zotero/storage/T59ZH583/S0377221702007695.html}
}
