@phdthesis{agambaExploringFacultyIntegration2012,
  title = {Exploring Faculty Integration of {{Moodle}} Resources: {{Effects}} of Theory-Based Training on Performance Objectives, {{Moodle}} Resource Integration, and Their Alignment},
  shorttitle = {Exploring Faculty Integration of {{Moodle}} Resources},
  author = {Agamba, Joachim Jack},
  year = {2012},
  urldate = {2024-01-17},
  abstract = {Higher education institutions have been noted to be lacking in increasing the utilization of technology for student achievement. The lack of motivation by individual faculty members to optimize their use of technology has been identified as one of the main problems affecting appropriate technology use. The purpose of this research was to determine whether theory-based training on performance objectives, Moodle resource integration, and their alignment, will affect the frequency and quality of integrating those resources. Faculty in a health professions department at a Carnegie-classified, doctoral research university-high in the intermountain west region were recruited to participate in this study. The study examined faculty Moodle course sites following training in developing performance objectives and aligning those objectives with specific Moodle resources, and obtained faculty interviews on barriers and concerns affecting optimal use of Moodle as well as the effects of a theory-based instructional workshop training. The study explored to what degree health professions faculty selected Moodle tools based on stated objectives and theoretical constructs as a learner-centered approach to instruction and their perceived alignment with such Moodle resources and determined their receptivity to a framework designed to guide such resource utility and integration. Results of the study indicated that among other factors, time constraints, passive resistance to change, and lack of awareness of theoretical and pedagogical rationales for Moodle tool selection accounted for a lack of faculty optimal Moodle tool variations selection and integration in their instructional practice.},
  copyright = {Database copyright ProQuest LLC; ProQuest does not claim copyright in the individual underlying works.},
  isbn = {9781267627001},
  langid = {english},
  school = {ProQuest Dissertations Publishing}
}

@incollection{baerBegriffsbestimmungenUndDefinitionen2017,
  title = {{Begriffsbestimmungen und Definitionen}},
  booktitle = {{Anwendungsbezogenes Projektmanagement: Praxis und Theorie f{\"u}r Projektleiter}},
  author = {B{\"a}r, Christian and Fiege, Jens and Wei{\ss}, Markus},
  editor = {B{\"a}r, Christian and Fiege, Jens and Wei{\ss}, Markus},
  year = {2017},
  series = {{Xpert.press}},
  pages = {11--16},
  publisher = {Springer},
  address = {Berlin, Heidelberg},
  doi = {10.1007/978-3-662-52974-4_2},
  urldate = {2024-01-10},
  abstract = {Im Bereich des Projektmanagements kommt es in der Praxis zur vielf{\"a}ltigen und h{\"a}ufig nicht eindeutigen Verwendung von Fachbegriffen. Aus diesem Grund folgt, bereits vor der Darstellung der empfohlenen Projektmanagementmethodik, eine Definition und Begriffsbestimmung der in diesem Lehrbuch verwendeten Fachbegriffe.},
  isbn = {978-3-662-52974-4},
  langid = {ngerman},
  file = {/Users/lukas/Zotero/storage/TX3JZ53D/BÃ¤r et al. - 2017 - Begriffsbestimmungen und Definitionen.pdf}
}

@book{baurHandbuchMethodenEmpirischen2014,
  title = {{Handbuch Methoden der empirischen Sozialforschung}},
  editor = {Baur, Nina and Blasius, J{\"o}rg},
  year = {2014},
  publisher = {Springer Fachmedien Wiesbaden},
  address = {Wiesbaden},
  doi = {10.1007/978-3-531-18939-0},
  urldate = {2024-01-17},
  isbn = {978-3-531-17809-7 978-3-531-18939-0},
  langid = {ngerman},
  file = {/Users/lukas/Zotero/storage/64D4N3WU/Baur und Blasius - 2014 - Handbuch Methoden der empirischen Sozialforschung.pdf}
}

@inproceedings{becker10MoglichkeitenERPProjekt2008,
  title = {10 {{M{\"o}glichkeiten}}, Ein {{ERP-Projekt}} Zum {{Scheitern}} Zu Bringen},
  booktitle = {{{ERP-Auswahl}} Erfolgreich Gestalten},
  author = {Becker, J{\"o}rg and Winkelmann, Axel},
  year = {2008},
  publisher = {GITO mbH Verlag},
  urldate = {2023-12-05},
  isbn = {3940019232}
}

@article{bilginHandlingProjectDependencies2017,
  title = {Handling Project Dependencies in Portfolio Management},
  author = {Bilgin, Gozde and Eken, Gorkem and Ozyurt, Beste and Dikmen, Irem and Birgonul, M. Talat and Ozorhon, Beliz},
  year = {2017},
  month = jan,
  journal = {Procedia Computer Science},
  series = {{{CENTERIS}} 2017 - {{International Conference}} on {{ENTERprise Information Systems}} / {{ProjMAN}} 2017 - {{International Conference}} on {{Project MANagement}} / {{HCist}} 2017 - {{International Conference}} on {{Health}} and {{Social Care Information Systems}} and {{Technologies}}, {{CENTERIS}}/{{ProjMAN}}/{{HCist}} 2017},
  volume = {121},
  pages = {356--363},
  issn = {1877-0509},
  doi = {10.1016/j.procs.2017.11.048},
  urldate = {2024-01-17},
  abstract = {Although construction is a project-based industry, management focus has recently shifted from projects to project portfolios to meet strategic objectives of companies that require holistic analysis of the projects undertaken. Dependencies between projects within a portfolio need to be taken into consideration since they may significantly affect the portfolio success with their combined effects. There are limited studies in the area of construction project portfolio management that investigate how the dependencies between projects can be handled. In this paper, a method is presented to calculate and visualize project dependencies to support decision making process within a portfolio management tool for construction projects. Within this context, a dependency map is proposed not only to identify different dependencies and their effects within the portfolio, but also to take into consideration the combined effect of dependencies. An illustrative case study is depicted in the paper to demonstrate how the proposed method works and how its results can be used to support decision-making during portfolio selection.},
  keywords = {decision support system,network analysis,portfolio management,project dependencies,visualization},
  file = {/Users/lukas/Zotero/storage/TMTZC84W/Bilgin et al. - 2017 - Handling project dependencies in portfolio managem.pdf;/Users/lukas/Zotero/storage/97NZRIAR/S1877050917322391.html}
}

@phdthesis{braatzEntwicklungMethodeZur2005a,
  type = {{doctoralThesis}},
  title = {{Entwicklung einer Methode zur objektorientierten Spezifikation von Steuerungen}},
  author = {Braatz, Arnulf},
  year = {2005},
  doi = {10.18419/opus-4051},
  urldate = {2024-01-11},
  abstract = {Der generelle Trend des steigenden Automatisierungsgrades in Produktionssystemen und die wachsende Dezentralisierung der dazu notwendigen Steuerungen haben zu einem starken Anwachsen von Software-basierten Steuerungsfunktionen in Produktionssystemen gef{\"u}hrt. Aufgrund der Migration von Technologien aus der Informationstechnik in die Automatisierungstechnik l{\"a}sst sich dar{\"u}ber hinaus eine weiter ansteigende Heterogenit{\"a}t bez{\"u}glich der Programmierung von Automatisierungsger{\"a}ten und Kommunikationssystemen beobachten. Um in diesem Umfeld komplexer werdender, Software-basierter Steuerungen kosteneffizient zu entwickeln, bedarf es einer entsprechenden Methode zur Spezifikation von Steuerungen. Ausgangspunkt hierf{\"u}r sind die bew{\"a}hrten objektorientierten Methoden der Informationstechnik, die auf der Unified Modeling Language (UML) als Beschreibungsmittel basieren. In der Analyse der Spezifikationsmethoden und Beschreibungsmittel, die zurzeit in der Automatisierungstechnik und Softwaretechnik zur Anwendung kommen, wird gezeigt, dass diese nur in Teilen den Methoden-Axiomen, die als Anforderung verstanden werden, gen{\"u}gen. Weiterhin wird herausgestellt, dass sich die wichtigsten dort aufgef{\"u}hrten Beschreibungsmittel als Diagrammtypen in der UML wieder finden und somit eine objektorientierte Methode basierend auf der UML am besten geeignet ist, die gestellte Aufgabe zu erf{\"u}llen. Die im Stand der Wissenschaft vorgestellten Modelle aus der Automatisierungstechnik dienen im Kern zur Darstellung der System-Dekomposition von Steuerungen als mentale Modelle verstanden (Begriffsmodelle). Es wird gezeigt, dass diese Modelle mit ihren spezifischen Eigenschaften {\"u}bertragen auf die UML diese als Beschreibungsmittel f{\"u}r Steuerungen notwendig erg{\"a}nzen. Dar{\"u}ber hinaus wird dargestellt, dass durch die Nutzung der Erweiterungsmechanismen der UML f{\"u}r diese Abbildung die Anwendbarkeit, d.h. die Nutzung von Standard-CASE-Tools, erhalten bleibt. Konzeption und Entwicklung der so genannten ODEMA-Methode f{\"u}hren auf Basis des zu einem iterativ-inkrementellen Vorgehensmodell erweiterten Begriffs der Spezifikationsmethode und der um die entsprechenden Begriffsmodelle und Modellvorstellungen erweiterten UML zu einer objektorientierten Methode zur Spezifikation von Steuerungen. In diesem Kontext wird ein so genanntes UML-Profil f{\"u}r ein Plattform-unabh{\"a}ngiges Beschreibungsmittel entwickelt, das den Einsatz der Methode in einem Standard-CASE-Tool m{\"o}glich macht. Des Weiteren werden in diesem Zusammenhang entsprechende Verfahren zur Pr{\"u}fung der syntaktischen Konsistenz und semantischen Widerspruchsfreiheit eingef{\"u}hrt sowie deren Anwendung durch das Vorgehensmodell definiert.  Die abschlie{\ss}end vorgenommene Anwendung und Validation der Methode anhand der Referenzfallstudie Produktionstechnik weist die Anwendbarkeit  der entwickelten Methode nach.},
  copyright = {info:eu-repo/semantics/openAccess},
  isbn = {9783936947663},
  langid = {ngerman},
  annotation = {Accepted: 2005-11-07},
  file = {/Users/lukas/Zotero/storage/9AJQEF8U/Braatz - 2005 - Entwicklung einer Methode zur objektorientierten S.pdf}
}

@article{bradComparativeStudyAgile,
  title = {A {{Comparative Study}} of {{Agile Project Management Software Tools}}},
  author = {Brad, Marius-Constantin and Birloi, Florian-Cristian and Bratulescu, Alexandra and Blaga, Ioana-Bianca},
  volume = {16},
  number = {1},
  urldate = {2024-01-03},
  abstract = {The paper aims to present a comparative analysis between 2 selected agile software tools: Atlassian Jira and Microsoft Team Foundation Server. In the next sections, we will present the methods of our study, expose the analysis of results, make a few discussions on the subject and draw our conclusions. The paper highlights the similarities and differences between these tools with respect to some identified functional requirements. The study will be done in two phases: (1) identification of the key functional requirements for agile management tools, and (2) a comparative analysis of the selected 2 tools. The study has shown that the identified key functional requirements that belong to the groups User stories and epics management, high-level release planning and low-level release planning have been mostly well covered by the examined tools. However, not all the basic functionalities are currently fully covered by some tools. The need for acceptance testing support has been recognized and efforts are being in this direction, although the current state is not satisfactory. User role modeling and personas support has not been covered entirely.},
  langid = {english},
  file = {/Users/lukas/Zotero/storage/NDEV2WLF/Brad et al. - A Comparative Study of Agile Project Management So.pdf}
}

@book{brandstaeterAgileITProjekteErfolgreich2013,
  title = {{Agile IT-Projekte erfolgreich gestalten: Risikomanagement als Erg{\"a}nzung zu Scrum}},
  shorttitle = {{Agile IT-Projekte erfolgreich gestalten}},
  author = {Brandst{\"a}ter, Jonathan},
  year = {2013},
  publisher = {Springer Fachmedien},
  address = {Wiesbaden},
  doi = {10.1007/978-3-658-04430-5},
  urldate = {2024-01-17},
  isbn = {978-3-658-04429-9 978-3-658-04430-5},
  langid = {ngerman},
  keywords = {Agiles Projektmanagement,Projektmanagement in IT-Projekten,Risiken in der Softwareentwicklung,Risiko und PMI,Risikomanagement fur IT-Projekte,Risikomanagement fur Scrum},
  file = {/Users/lukas/Zotero/storage/QYWZ3PCM/BrandstÃ¤ter - 2013 - Agile IT-Projekte erfolgreich gestalten Risikoman.pdf}
}

@inproceedings{chenOrganizationalStructureDynamics2015,
  title = {Organizational Structure and the Dynamics of Collaboration Relationship},
  booktitle = {2015 {{IEEE International Conference}} on {{Industrial Engineering}} and {{Engineering Management}} ({{IEEM}})},
  author = {Chen, X. L. and Mahling, A. and Riedel, R. and Mueller, E.},
  year = {2015},
  month = dec,
  pages = {460--464},
  publisher = {IEEE},
  address = {Singapore, Singapore},
  doi = {10.1109/IEEM.2015.7385689},
  urldate = {2024-01-03},
  isbn = {978-1-4673-8066-9},
  langid = {english},
  file = {/Users/lukas/Zotero/storage/MTFDHUMD/Chen et al. - 2015 - Organizational structure and the dynamics of colla.pdf}
}

@article{dikmenLearningRisksTool2008,
  title = {Learning from Risks: {{A}} Tool for Post-Project Risk Assessment},
  shorttitle = {Learning from Risks},
  author = {Dikmen, I. and Birgonul, M. T. and Anac, C. and Tah, J. H. M. and Aouad, G.},
  year = {2008},
  month = dec,
  journal = {Automation in Construction},
  volume = {18},
  number = {1},
  pages = {42--50},
  issn = {0926-5805},
  doi = {10.1016/j.autcon.2008.04.008},
  urldate = {2024-01-17},
  abstract = {Risk management (RM) comprises of risk identification, risk analysis, response planning, monitoring and action planning tasks that are carried out throughout the life cycle of a project in order to ensure that project objectives are met. Although the methodological aspects of RM are well-defined, the philosophical background is rather vague. In this paper, a learning-based approach is proposed. In order to implement this approach in practice, a tool has been developed to facilitate construction of a lessons learned database that contains risk-related information and risk assessment throughout the life cycle of a project. The tool is tested on a real construction project. The case study findings demonstrate that it can be used for storing as well as updating risk-related information and finally, carrying out a post-project appraisal. The major weaknesses of the tool are identified as, subjectivity of the risk rating process and unwillingness of people to enter information about reasons of failure.},
  keywords = {Lessons learned,Post-project appraisal,Risk management,Vulnerability},
  file = {/Users/lukas/Zotero/storage/4QALW993/Dikmen et al. - 2008 - Learning from risks A tool for post-project risk .pdf;/Users/lukas/Zotero/storage/BHGC2PBU/S0926580508000691.html}
}

@article{easonDivisionLabourDesign1996,
  title = {Division of Labour and the Design of Systems for Computer Support for Cooperative Work},
  author = {Eason, Ken},
  year = {1996},
  month = mar,
  journal = {Journal of Information Technology},
  volume = {11},
  number = {1},
  pages = {39--50},
  issn = {1466-4437},
  doi = {10.1080/026839696345414},
  urldate = {2024-01-03},
  abstract = {The design of systems which provide computer support for cooperative work (CSCW) has been dominated by models of collaborative teams in academic or design environments. Such settings are characterized by a relatively egalitarian power distribution and a division of labour established locally by the collaborating parties. This paper describes other types of collaborative work in which the r{\^o}les of participants are characterized by pre-established divisions of labour and unequal power distribution. A case study is presented of a collaborative group allocating and scheduling service calls in an electricity company. Using the Organizational Requirements Definition for Information Technology (ORDIT) methods for responsibility analysis a number of alternative organizational structures are described which may serve this task. The alternatives are based upon different job design structures which distribute responsibilities to work roles by different rationales. An analysis is offered of the different CSCW systems that would be necessary to support these alternatives. The paper concludes by examining the implications of pre-established but variable organizational structures for the design of generic CSCW systems.},
  langid = {english}
}

@article{farnettiOPTIMIZINGCOMMUNICATIONFLOWS2022,
  title = {{{OPTIMIZING COMMUNICATION FLOWS USING A STANDARD BIM ORIENTED RACI MATRIX}}},
  author = {Farnetti, Bianca and Trani, Marco Lorenzo and Minotti, Natale Massimo},
  editor = {Vimonsatit, Sorn and Singh, Amarjit and Yazdani, Siamak},
  year = {2022},
  month = nov,
  journal = {Proceedings of International Structural Engineering and Construction},
  volume = {9},
  number = {2},
  issn = {2644-108X},
  doi = {10.14455/ISEC.2022.9(2).CPM-04},
  urldate = {2024-01-03},
  abstract = {The AEC industry has witnessed a growth in complexity during design and construction phase driven by clients' increasing expectations related to technology applications (i.e., BIM), quality delivered, time to execution and cost effectiveness. Hence, leveraging on productivity improvement techniques and organizational behavior models is becoming crucial to more efficiently co-ordinate heterogeneous stakeholders and designers. Previous research has recognized the importance of structured management solutions such as the RACI matrix (a particular type of RAM) as an enabler for efficient communication flows and prompt assignment of roles and responsibilities. However, rarely has been outlined the importance of having a standard RACI framework to be then integrated with specific add-ons in line with the characteristics of the project in scope. These include a Common Data Environment within BIM for data collection enabling a cross information approach between different design disciplines and stakeholders' information requirements. The paper therefore proposes a method to integrate the abovementioned RACI standard framework for project management with project-specific addons and illustrates the main advantages obtained. These were empirically obtained through ad hoc AEC industry surveys and validated by qualitative impact analyses on renovation projects chosen for their high degree of complexity. Results suggest that the application of the above-mentioned standard framework drives more efficient communication flows and effectively assigns roles and responsibilities, ultimately improving time to execution and cost effectiveness.},
  langid = {english},
  file = {/Users/lukas/Zotero/storage/NSQL4S73/Farnetti et al. - 2022 - OPTIMIZING COMMUNICATION FLOWS USING A STANDARD BI.pdf}
}

@article{fazal-baqaieSkalierenGrossenAgilen2015,
  title = {{Skalieren von gro{\ss}en agilen Projekten mit verteilten Backlogs}},
  author = {{Fazal-Baqaie}, Masud and G{\"u}ldali, Baris},
  year = {2015},
  urldate = {2024-01-11},
  langid = {ngerman},
  file = {/Users/lukas/Zotero/storage/MGMVE75B/Fazal-Baqaie - 2015 - Skalieren von groÃen agilen Projekten mit verteilt.pdf}
}

@inproceedings{filionUsingAtlassianTools2017,
  title = {Using {{Atlassian}} Tools for Efficient Requirements Management: {{An}} Industrial Case Study},
  shorttitle = {Using {{Atlassian}} Tools for Efficient Requirements Management},
  booktitle = {2017 {{Annual IEEE International Systems Conference}} ({{SysCon}})},
  author = {Filion, Luc and Daviot, Nicolas and Le Bel, Jean-Philippe and Gagnon, Marc},
  year = {2017},
  month = apr,
  pages = {1--6},
  publisher = {IEEE},
  address = {Montreal, QC, Canada},
  doi = {10.1109/SYSCON.2017.7934769},
  urldate = {2024-01-03},
  abstract = {This paper describes an industrial case study using Atlassian JIRA{\textregistered} and third party plugins for requirements management in the field of transit systems. The solution presented shows efficiency in supporting the management of requirements, traceability and the systems engineering processes globally. After a short description of the technologies in action and a brief overview of the process we targeted, we describe the collection of methods and technologies put into place and demonstrate their use in order to achieve our goal: reaching CMMI-2 for requirements management and traceability. We describe the current background and scope of work, the needs and goals to meet, and then we explain our configurations and possibilities. Our results describe several sets of metrics we have obtained for traceability, starting from a customer requirement down to tests, considering multi-level analysis with specific criteria (verified, tested and justified).},
  isbn = {978-1-5090-4623-2},
  langid = {english},
  file = {/Users/lukas/Zotero/storage/FCUSPEYE/Filion et al. - 2017 - Using Atlassian tools for efficient requirements m.pdf}
}

@book{gadatschGrundkursITProjektcontrollingGrundlagen2008,
  title = {{Grundkurs IT-Projektcontrolling: Grundlagen, Methoden und Werkzeuge f{\"u}r Studierende und Praktiker}},
  shorttitle = {{Grundkurs IT-Projektcontrolling}},
  author = {Gadatsch, Andreas},
  year = {2008},
  publisher = {Vieweg+Teubner},
  address = {Wiesbaden},
  doi = {10.1007/978-3-8348-9520-2},
  urldate = {2024-01-16},
  isbn = {978-3-8348-0469-3 978-3-8348-9520-2},
  langid = {ngerman},
  keywords = {Controlling,Fortschrittskontrolle,IT-Controlling,IT-Projektmanagement,Methoden,Planung,Projektcontrolling,Projektmanagement,Projektplanung},
  file = {/Users/lukas/Zotero/storage/9786EHVX/Gadatsch - 2008 - Grundkurs IT-Projektcontrolling Grundlagen, Metho.pdf}
}

@incollection{gilzRequirementsEngineeringUnd2014,
  title = {{Requirements Engineering und Requirements Management}},
  booktitle = {{Modellbasierte virtuelle Produktentwicklung}},
  author = {Gilz, Torsten},
  editor = {Eigner, Martin and Roubanov, Daniil and Zafirov, Radoslav},
  year = {2014},
  pages = {53--75},
  publisher = {Springer},
  address = {Berlin, Heidelberg},
  doi = {10.1007/978-3-662-43816-9_3},
  urldate = {2024-01-11},
  abstract = {Um erfolgreich Produkte zu entwickeln ist es notwendig, von Anfang an die Anforderungen der Kunden und Benutzer zu kennen und in die Entwicklung einflie{\ss}en zu lassen. Dies erfolgt meist bereits vor dem Start einer Entwicklung durch Marktanalysen und Analysen zum Nutzerverhalten. Darauf aufbauend werden im Requirements Engineering die technischen und vielf{\"a}ltigen Verhaltens-, Qualit{\"a}ts- und Integrationsanforderungen festgehalten und verwaltet, um so bereits fr{\"u}hzeitig die Qualit{\"a}t des Produktes und die Kundenzufriedenheit sicher zu stellen. Wegen steigender Komplexit{\"a}t entwickelter Systeme ist der Nutzen von Methoden und Werkzeugen des Requirements Engineerings klar zu fassen und ihr Einsatz -- trotz erh{\"o}hten Aufwandes -- unumg{\"a}nglich. Requirements Management f{\"u}hrt zu konkreteren Entwicklungszielen, die effektiveres Entwickeln erm{\"o}glichen, da {\"A}nderungen und Fehler fr{\"u}her erkannt und umgesetzt werden. Dadurch k{\"o}nnen Verz{\"o}gerungen zum Ende hin reduziert werden.},
  isbn = {978-3-662-43816-9},
  langid = {ngerman},
  file = {/Users/lukas/Zotero/storage/RHK9CVFY/Gilz - 2014 - Requirements Engineering und Requirements Manageme.pdf}
}

@incollection{goehlichArbeitenMitAnforderungen2021,
  title = {{Arbeiten mit Anforderungen: Requirements Management}},
  shorttitle = {{Arbeiten mit Anforderungen}},
  booktitle = {{Pahl/Beitz Konstruktionslehre: Methoden und Anwendung erfolgreicher Produktentwicklung}},
  author = {G{\"o}hlich, Dietmar and Fay, Tu-Anh},
  editor = {Bender, Beate and Gericke, Kilian},
  year = {2021},
  pages = {211--229},
  publisher = {Springer},
  address = {Berlin, Heidelberg},
  doi = {10.1007/978-3-662-57303-7_8},
  urldate = {2024-01-11},
  abstract = {Im vorstehenden Kapitel wurde beschrieben, wie eine initiale Anforderungsbasis {\"u}ber das Ermitteln, Spezifizieren, Analysieren und Strukturieren von Anforderungen entwickelt wird~(Requirements Engineering). Diese Anforderungsbasis ist aber keineswegs statisch, sondern unterliegt im weiteren Verlauf des Produktentstehungsprozesses einer st{\"a}ndigen Analyse, Priorisierung, Weiterentwicklung und Verifizierung. Das Entwickeln und das Arbeiten mit Anforderungen m{\"u}ssen, wie in Abb.~8.1 dargestellt, also eng verzahnt und aufeinander abgestimmt erfolgen.},
  isbn = {978-3-662-57303-7},
  langid = {ngerman},
  file = {/Users/lukas/Zotero/storage/K4AP5788/GÃ¶hlich und Fay - 2021 - Arbeiten mit Anforderungen Requirements Managemen.pdf}
}

@article{goepelDeutscheDatenschutzaspekteBei2008,
  title = {Deutsche {{Datenschutzaspekte}} Bei {{Lernmanagementsystemen}} Am {{Beispiel}} von {{Moodle}}},
  author = {Goepel, Miro and Jeschke, Sabina and Knipping, Lars},
  year = {2008},
  month = mar,
  file = {/Users/lukas/Zotero/storage/LSHCUD72/Goepel et al. - 2008 - Deutsche Datenschutzaspekte bei Lernmanagementsyst.pdf}
}

@book{gollMitScrumGewuenschten2015,
  title = {{Mit Scrum zum gew{\"u}nschten System}},
  author = {Goll, Joachim and Hommel, Daniel},
  year = {2015},
  publisher = {Springer Fachmedien Wiesbaden},
  address = {Wiesbaden},
  doi = {10.1007/978-3-658-10721-5},
  urldate = {2024-01-11},
  isbn = {978-3-658-10720-8 978-3-658-10721-5},
  langid = {ngerman},
  file = {/Users/lukas/Zotero/storage/ZWYHSVZR/Goll und Hommel - 2015 - Mit Scrum zum gewÃ¼nschten System.pdf}
}

@article{hanschkeAgilePlanungNur2016,
  title = {{Agile Planung --- nur so viel planen wie n{\"o}tig}},
  author = {Hanschke, Inge},
  year = {2016},
  month = aug,
  journal = {Wirtschaftsinformatik \& Management},
  volume = {8},
  number = {4},
  pages = {70--78},
  issn = {1867-5913},
  doi = {10.1007/s35764-016-0063-1},
  urldate = {2024-01-11},
  langid = {ngerman},
  file = {/Users/lukas/Zotero/storage/KBF8NU9S/Hanschke - 2016 - Agile Planung â nur so viel planen wie nÃ¶tig.pdf}
}

@book{hobelGABLERBUSINESSWISSENAZ2006,
  title = {{GABLER BUSINESS-WISSEN A-Z Projektmanagement}},
  author = {Hobel, Bernhard and Sch{\"u}tte, Silke},
  year = {2006},
  publisher = {Gabler},
  address = {Wiesbaden},
  doi = {10.1007/978-3-8349-9102-7},
  urldate = {2024-01-03},
  isbn = {978-3-409-12547-5 978-3-8349-9102-7},
  langid = {ngerman},
  keywords = {Business,Controlling,Krisenmanagement,Management,Management von Projekten,Multiprojektmanagement,Planung,Projekt-Controlling,Projektabnahme,Projektabschluss,Projekte,Projektmanagement,Projektmarketing,Projektplanung,Standards (Prozesse Hand},
  file = {/Users/lukas/Zotero/storage/8WI8ZW62/Hobel und SchÃ¼tte - 2006 - GABLER BUSINESS-WISSEN A-Z Projektmanagement.pdf}
}

@book{holzbaurNachhaltigesProjektmanagementVerantwortlichkeit2022,
  title = {{Nachhaltiges Projektmanagement: Verantwortlichkeit und Umsetzung in zukunftsorientierten Organisationen}},
  shorttitle = {{Nachhaltiges Projektmanagement}},
  author = {Holzbaur, Ulrich and Fierke, Moritz},
  year = {2022},
  series = {{essentials}},
  publisher = {Springer Fachmedien},
  address = {Wiesbaden},
  doi = {10.1007/978-3-658-37031-2},
  urldate = {2023-12-09},
  isbn = {978-3-658-37030-5 978-3-658-37031-2},
  langid = {ngerman},
  keywords = {Auftrag,Objekte der Nachhaltigkeit,Projektorganisation,Projektziel,Zukunftsorientierung},
  file = {/Users/lukas/Zotero/storage/9VRQVTDM/Holzbaur und Fierke - 2022 - Nachhaltiges Projektmanagement Verantwortlichkeit.pdf}
}

@article{houdekRequirementsEngineeringErfahrungen2003,
  title = {Requirements {{Engineering Erfahrungen}} in {{Projekten}} Der {{Automobilindustrie}}},
  author = {Houdek, Frank},
  year = {2003},
  month = jan,
  journal = {Softwaretechnik-Trends},
  volume = {23},
  urldate = {2024-01-11},
  file = {/Users/lukas/Zotero/storage/MPMG5842/Houdek - 2003 - Requirements Engineering Erfahrungen in Projekten .pdf}
}

@incollection{hruschkaAgileSoftwareentwicklungGrossen2009,
  title = {{Agile Softwareentwicklung in gro{\ss}en Projekten}},
  booktitle = {{Agility kompakt: Tipps f{\"u}r erfolgreiche Systementwicklung}},
  author = {Hruschka, Peter and Rupp, Chris and Starke, Gernot},
  editor = {Hruschka, Peter and Rupp, Chris and Starke, Gernot},
  year = {2009},
  series = {{IT kompakt}},
  pages = {92--96},
  publisher = {Spektrum Akademischer Verlag},
  address = {Heidelberg},
  doi = {10.1007/978-3-8274-2204-0_4},
  urldate = {2024-01-11},
  abstract = {Es gibt jede Menge Tipps und Tricks, wie agile Methoden in kleinen Projekten funktionieren. Leider fi nden Sie jedoch nach wie vor wenig dar{\"u}ber, wie agile Methoden auch gro{\ss}e Projekte unterst{\"u}tzen k{\"o}nnen. eXtreme Programming nach [Beck00] ist nur f{\"u}r Teams von weniger als 12 bis 15 Mitarbeiter geeignet. Zu Scrum gibt es hingegen Aussagen von Ken Schwaber, der von Teamgr{\"o}{\ss}en mit bis zu 400 Mitarbeitern spricht. Allerdings ist in diesem Bereich ebenso wie bei eXtreme Programming bisher wenig Konkretes publiziert. Die Crystal- Familie andererseits tr{\"a}gt unterschiedlichen Teamgr{\"o}{\ss}en {\"u}ber die Farbskala Rechnung, gibt aber bisher keine Hinweise zu den dunkleren Farbt{\"o}nen, d. h. f{\"u}r Teams mit mehr als 40 Mitarbeitern.},
  isbn = {978-3-8274-2204-0},
  langid = {ngerman},
  file = {/Users/lukas/Zotero/storage/83PPZ6C6/Hruschka et al. - 2009 - Agile Softwareentwicklung in groÃen Projekten.pdf}
}

@book{koenigsITRisikomanagementMitSystem2017,
  title = {{IT-Risikomanagement mit System}},
  author = {K{\"o}nigs, Hans-Peter},
  year = {2017},
  publisher = {Springer Fachmedien},
  address = {Wiesbaden},
  doi = {10.1007/978-3-658-12004-7},
  urldate = {2024-01-17},
  isbn = {978-3-658-12003-0 978-3-658-12004-7},
  langid = {ngerman},
  keywords = {Business Continuity Management,CIO,Compliance,Corporate Governance,Datenschutz-Praxis,Informations-Sicherheit,IT Governance,IT Risikomanagement,IT-Grundschutz,IT-Risiken,IT-Risiko-Management,IT-Risikomanagement,IT-Sicherheit,IT-Strategie,KES,Risiko-Management-Prozess,Risikomanagement,Unternehmensrisiken},
  file = {/Users/lukas/Zotero/storage/C8ZG49UG/KÃ¶nigs - 2017 - IT-Risikomanagement mit System.pdf}
}

@book{kusay-merkleAgilesProjektmanagementIm2018,
  title = {{Agiles Projektmanagement im Berufsalltag: F{\"u}r mittlere und kleine Projekte}},
  shorttitle = {{Agiles Projektmanagement im Berufsalltag}},
  author = {{Kusay-Merkle}, Ursula},
  year = {2018},
  publisher = {Springer Berlin Heidelberg},
  address = {Berlin, Heidelberg},
  doi = {10.1007/978-3-662-56800-2},
  urldate = {2024-01-16},
  isbn = {978-3-662-56799-9 978-3-662-56800-2},
  langid = {ngerman},
  file = {/Users/lukas/Zotero/storage/KRU5CTFS/Kusay-Merkle - 2018 - Agiles Projektmanagement im Berufsalltag FÃ¼r mitt.pdf}
}

@book{kusterHandbuchProjektmanagementAgil2022,
  title = {{Handbuch Projektmanagement: Agil -- Klassisch -- Hybrid}},
  shorttitle = {{Handbuch Projektmanagement}},
  author = {Kuster, J{\"u}rg and Bachmann, Christian and Hubmann, Mike and Lippmann, Robert and Schneider, Patrick},
  year = {2022},
  publisher = {Springer},
  address = {Berlin, Heidelberg},
  doi = {10.1007/978-3-662-65473-6},
  urldate = {2024-01-16},
  isbn = {978-3-662-65472-9 978-3-662-65473-6},
  langid = {ngerman},
  keywords = {Agiles Projektmanagement,Fuhrung,Hybrides Projektmanagement,Klassisches Projektmanagement,Management,Organisation,Planung,Projektmanagement,RACI},
  file = {/Users/lukas/Zotero/storage/BACC4WQR/Kuster et al. - 2022 - Handbuch Projektmanagement Agil â Klassisch â Hyb.pdf}
}

@incollection{lauberWieFormalSoll1981,
  title = {{Wie formal soll und darf die Beschreibung des Pflichtenheftes f{\"u}r ein Proze{\ss}automatisierungssystem sein?}},
  booktitle = {{GI --- 11. Jahrestagung: In Verbindung mit Third Conference of the European Co-operation in Informatics (ECI) M{\"u}nchen, 20.--23. Oktober 1981 Proceedings}},
  author = {Lauber, R. and Jovaleki{\'c}, S.},
  editor = {Brauer, Wilfried},
  year = {1981},
  series = {{Informatik-Fachberichte}},
  pages = {482--490},
  publisher = {Springer},
  address = {Berlin, Heidelberg},
  doi = {10.1007/978-3-662-01089-1_47},
  urldate = {2024-01-10},
  abstract = {``Die Antwort auf die Probleme der Software hei{\ss}t: Software'' [1]. Diese Erkenntnis hat dazu gef{\"u}hrt, da{\ss} in den letzten Jahren eine Reihe von rechnergest{\"u}tzten Spezifikations- und Entwurfssystemen entwickelt wurden mit dem Ziel, die kreative T{\"a}tigkeit des Entwickelns von Rechner-Software und -Hardware zwar den beteiligten Menschen zu {\"u}berlassen, ihnen dabei aber unterst{\"u}tzende Software-Werkzeuge verf{\"u}gbar zu machen [2]. Die Unterst{\"u}tzung besteht --- neben der automatischen Herstellung der Dokumentation --- vor allem in der Bereitstellung von Hilfen und Pr{\"u}fungen zur Erkennung m{\"o}glicher Fehler im Sinne einer Vermeidung der oben angesprochenen ``Probleme der Software''. Diese Probleme entstehen n{\"a}mlich durch (von einem gewissen Komplexit{\"a}tsgrad an unvermeidliche) sog. ``menschliche Fehlermechanismen'', wie z.B. Denkfehler, Kommunikationsfehler, Interpretationsfehler, Fl{\"u}chtigkeitsfehler usw. [3]. Die Auswirkungen dieser Fehlermechanismen (bez{\"u}glich der Kosten f{\"u}r ihre Beseitigung) sind umso schwerwiegender, je ``fr{\"u}her'' sie auftreten. Aus diesem Grunde kommt der Rechnerunterst{\"u}tzung gerade in den fr{\"u}heren Phasen eines Projekts (d.h. bei der Problemanalyse und der Pflichtenhefterstellung) gro{\ss}e Bedeutung zu.},
  isbn = {978-3-662-01089-1},
  langid = {ngerman}
}

@book{laudonWirtschaftsinformatikEinfuehrung2016,
  title = {{Wirtschaftsinformatik: eine Einf{\"u}hrung}},
  shorttitle = {{Wirtschaftsinformatik}},
  author = {Laudon, Kenneth C. and Laudon, Jane Price and Schoder, Detlef},
  translator = {Martin, E. and {Knebel-Heil}, Henrika},
  year = {2016},
  series = {{Wi - Wirtschaft}},
  edition = {3., vollst{\"a}ndig {\"u}berarbeitete Auflage},
  publisher = {Pearson},
  address = {Hallbergmoos},
  urldate = {2023-12-06},
  abstract = {Diese umfassende Einf{\"u}hrung in die moderne Wirtschaftsinformatik von K. Laudon, J. Laudon und D. Schoder in der nun dritten, vollst{\"a}ndig {\"u}berarbeiteten und erweiterten Auflage begreift Informationssysteme als soziotechnische Systeme und vermittelt diese aus den drei Perspektiven "Technik", "Management" und "Organisation". Das Lehrbuch integriert dabei die Erkenntnisse der beiden Schwesterdisziplinen Information Systems und Wirtschaftsinformatik. Gruppenprojekte, Leitfragen und {\"u}ber 60 neue Fallstudien - darunter {\"u}ber ein Dutzend Video-gest{\"u}tzt - helfen bei der Vertiefung der Materie.(Verlagstext)},
  isbn = {978-3-86894-269-9},
  langid = {ngerman},
  file = {/Users/lukas/Zotero/storage/7VR8FFT6/Laudon et al. - 2016 - Wirtschaftsinformatik eine EinfÃ¼hrung.pdf}
}

@article{mankinsStopWastingValuable2004c,
  title = {Stop {{Wasting Valuable Time}}},
  author = {Mankins, Michael C},
  year = {2004},
  journal = {harvard business review},
  urldate = {2023-12-09},
  langid = {english},
  file = {/Users/lukas/Zotero/storage/4RXT5Z5L/Mankins - 2004 - Stop Wasting Valuable Time.pdf}
}

@inproceedings{ortuMeasuringUnderstandingEffectiveness2015,
  title = {Measuring and {{Understanding}} the {{Effectiveness}} of {{JIRA Developers Communities}}},
  booktitle = {2015 {{IEEE}}/{{ACM}} 6th {{International Workshop}} on {{Emerging Trends}} in {{Software Metrics}}},
  author = {Ortu, Marco and Destefanis, Giuseppe and Kassab, Mohamad and Marchesi, Michele},
  year = {2015},
  month = may,
  pages = {3--10},
  publisher = {IEEE},
  address = {Florence, Italy},
  doi = {10.1109/WETSoM.2015.10},
  urldate = {2024-01-16},
  abstract = {Tools for project management and issues/bugs tracking are becoming useful for governing the development process of Open Source software. Such tools simplify the communications process among developers and ensure the scalability of a project. The more information developers are able to exchange, the clearer are the goals, and the higher is the number of developers keen on joining and actively collaborating on a project. In this paper we present a preliminary empirical analysis of the communities-structure of developers in JIRA by analyzing 7 popular projects hosted in the repository. We analyze how these communities perform in terms of issue-resolution time of any given issue. The main contributions of this work are the confirmation of the existence of communities in developer networks, and the empirical finding that the issue resolutiontime of any given issue is not correlated with the dimension of a developer community.},
  isbn = {978-1-4673-7103-2},
  langid = {english},
  file = {/Users/lukas/Zotero/storage/73YW8V4R/Ortu et al. - 2015 - Measuring and Understanding the Effectiveness of J.pdf}
}

@incollection{osterhageAnhangProjektmanagement2016,
  title = {{Anhang 2: Projektmanagement}},
  shorttitle = {{Anhang 2}},
  booktitle = {{Notfallmanagement in Kommunikationsnetzen}},
  author = {Osterhage, Wolfgang W.},
  editor = {Osterhage, Wolfgang W.},
  year = {2016},
  series = {{Xpert.press}},
  pages = {119--128},
  publisher = {Springer},
  address = {Berlin, Heidelberg},
  doi = {10.1007/978-3-662-45660-6_11},
  urldate = {2024-01-03},
  abstract = {Die bisher behandelte Vorgehensweise bei der Entwicklung der Voraussetzungen f{\"u}r ein gelingendes Notfallmanagement inklusive Testung hat klar gezeigt, dass sich diese nur im Rahmen eines eigenst{\"a}ndigen Projektes realisieren lassen. Deshalb bietet es sich an, die zugeh{\"o}rigen organisatorischen Ma{\ss}nahmen durch eine entsprechende Systemst{\"u}tzung zu flankieren. Eine solche systemtechnische Flankierung ist sinnvoll, um die gesamte Komplexit{\"a}t eines solchen Projektes besser zu beherrschen. Systeme, die das Projektmanagement unterst{\"u}tzen, laufen unter dem K{\"u}rzel PMS: Projektmanagementsystem. Auf diese soll in diesem Kapitel n{\"a}her eingegangen werden.},
  isbn = {978-3-662-45660-6},
  langid = {ngerman},
  file = {/Users/lukas/Zotero/storage/AR9W3AGR/Osterhage - 2016 - Anhang 2 Projektmanagement.pdf}
}

@incollection{panagosToolsUndMassnahmen2019,
  title = {{Tools und Ma{\ss}nahmen zur Unterst{\"u}tzung in der Transformation}},
  booktitle = {{Transformation von Unternehmen und Technologie: Wie sich die Daten- und Prozess-Migration erfolgreich steuern und umsetzen l{\"a}sst}},
  author = {Panagos, Georg and Hammer, Christian},
  editor = {Panagos, Georg and Hammer, Christian},
  year = {2019},
  pages = {113--128},
  publisher = {Springer},
  address = {Berlin, Heidelberg},
  doi = {10.1007/978-3-662-54052-7_6},
  urldate = {2024-01-16},
  abstract = {Die Transformation umfasst mehr als nur Managementmethoden. Gerade die Entscheidung, eine toolgest{\"u}tzte TransformationTransformationtoolgest{\"u}tzte durchzuf{\"u}hren, wirft eine ganze Reihe von Fragen auf, die wir im Folgenden betrachten werden: Wie nachhaltig kann, sollte bzw. muss die technische L{\"o}sung sein? Gibt es eine Grenze, ab wann es nicht mehr sinnvoll ist, die Transformation technisch zu unterst{\"u}tzen? Ist es billiger, eine Reihe von studentischen Hilfskr{\"a}ften zu besch{\"a}ftigen oder doch lieber ein Tool individuell zu entwickeln?},
  isbn = {978-3-662-54052-7},
  langid = {ngerman},
  keywords = {ETL,Sustainability,Transformationswerkzeuge},
  file = {/Users/lukas/Zotero/storage/RC4IRN2I/Panagos und Hammer - 2019 - Tools und MaÃnahmen zur UnterstÃ¼tzung in der Trans.pdf}
}

@article{rehaPROJECTMANAGEMENTTOOLS2021,
  title = {{{PROJECT MANAGEMENT TOOLS IN THE CLASSROOM}}: {{USING THE ATLASSIAN TOOL SUITE IN THE CLASSROOM}}},
  author = {Reha, Mark and Fai, Victoria},
  year = {2021},
  journal = {Journal of Instructional Research},
  volume = {10},
  urldate = {2024-01-03},
  abstract = {Students are pressed for time, struggle to manage their time, and often do not have the training and tools to help them out. Are there some cost-effective tools that could be used by both faculty and students to help solve this problem? This paper documents the results of analyzing one such tool that could be used in the classroom to help students solve this problem especially for complex and lengthy courses. The Atlassian Tool Suite is analyzed as a project management tool to help students complete their Senior Capstone Project in an undergraduate program in Software Design and Development at a major university in the United States. Both the student perspective and the instructor perspective on using the Atlassian Tool Suite are explored. The benefits of using the Atlassian Tool Suite for students and the university are presented and recommendations for integrating the Atlassian Tool Suite into the classroom are given at the end.},
  langid = {english},
  file = {/Users/lukas/Zotero/storage/KNXUAWA9/Reha und Fai - 2021 - PROJECT MANAGEMENT TOOLS IN THE CLASSROOM USING T.pdf}
}

@incollection{schellongEnergiemanagementsysteme2016,
  title = {{Energiemanagementsysteme}},
  booktitle = {{Analyse und Optimierung von Energieverbundsystemen}},
  author = {Schellong, Wolfgang},
  editor = {Schellong, Wolfgang},
  year = {2016},
  pages = {495--518},
  publisher = {Springer},
  address = {Berlin, Heidelberg},
  doi = {10.1007/978-3-662-49463-9_10},
  urldate = {2024-01-11},
  abstract = {Energiemanagement unterst{\"u}tzt Ma{\ss}nahmen zur effizienten Energienutzung, die sich aus betriebswirtschaftlichen und umweltpolitischen Zielen ergeben. Es untersucht dabei den Weg der Energie von der Bereitstellung mit unterschiedlichen Energietr{\"a}gern, {\"u}ber die Energieverteilung bis hin zur Energieanwendung. Wir beschreiben in diesem Kapitel Anforderungen f{\"u}r die Entwicklung und Implementierung von Energiemanagementsystemen. Diese umfassen die inhaltlichen und organisatorischen Aspekte, die bei der Softwareentwicklung solcher Systeme zu erf{\"u}llen sind. Die Struktur eines Lastenhefts zur Entwicklung von Energiemanagementsystemen wird vorgestellt.},
  isbn = {978-3-662-49463-9},
  langid = {ngerman},
  file = {/Users/lukas/Zotero/storage/INJSVJU3/Schellong - 2016 - Energiemanagementsysteme.pdf}
}

@incollection{schuesslerEinfuehrungDokumentenManagementSystemsFuer2008,
  title = {{Einf{\"u}hrung eines Dokumenten-Management-Systems f{\"u}r die Anlagendokumentation}},
  booktitle = {{Dokumentation verfahrenstechnischer Anlagen: Praxishandbuch mit Checklisten und Beispielen}},
  author = {Sch{\"u}{\ss}ler, Manfred},
  editor = {Weber, Klaus H. and Sch{\"u}{\ss}ler, Manfred},
  year = {2008},
  series = {{VDI-Buch}},
  pages = {267--296},
  publisher = {Springer},
  address = {Berlin, Heidelberg},
  doi = {10.1007/978-3-540-85124-0_7},
  urldate = {2024-01-11},
  abstract = {Die folgenden Ausf{\"u}hrungen beschreiben eine bew{\"a}hrte und erfolgreiche Methodik sowie die zugeh{\"o}rigen inhaltlichen Schwerpunkte, die bei der Vorbereitung und Einf{\"u}hrung eines Dokumenten-Management-Systems (DMS) f{\"u}r eine verfahrenstechnische Anlage zu beachten sind. Sie resultieren insbesondere aus den langj{\"a}hrigen praktischen Erfahrungen des Verfassers und aus zahlreichen Gespr{\"a}chen mit Fachkollegen.},
  isbn = {978-3-540-85124-0},
  langid = {ngerman},
  file = {/Users/lukas/Zotero/storage/3VZJU9P2/SchÃ¼Ãler - 2008 - EinfÃ¼hrung eines Dokumenten-Management-Systems fÃ¼r.pdf}
}

@article{schweighoferDevelopmentQuizImplementation2019,
  title = {Development of a {{Quiz}} -- {{Implementation}} of a ({{Self-}}) {{Assessment Tool}} and Its {{Integration}} in {{Moodle}}},
  author = {Schweighofer, Jakob and Taraghi, Behnam and Ebner, Martin},
  year = {2019},
  month = dec,
  journal = {International Journal of Emerging Technologies in Learning (iJET)},
  volume = {14},
  pages = {141},
  doi = {10.3991/ijet.v14i23.11484},
  abstract = {Technology Enhanced Learning has become more popular in recent times and many organizations and universities use it as a key instrument in various teaching and training scenarios. At the University of Technology of Graz, some courses require randomized quizzes where question variables can be assigned by arbitrary mathematical functions and this feature is missing in the current solutions. This article describes the development of a quiz application that can be integrated into Moodle by utilization of the Learning Tools Interoperability protocol (LTI). The PHP application is built to support programmable questions that can contain JavaScript and HTML code. Teachers are able to build interactive, randomized quizzes, in which the random variables can be assigned with complex mathematical functions. Furthermore, the application provides a programmable grading mechanism. With this mechanism, it is possible for students to self-assess their performance, as well as for teachers to formally assess their students' learning success automatically and send the results back to Moodle (or other LTI compatible consumer applications).},
  file = {/Users/lukas/Zotero/storage/P597VCVS/Schweighofer et al. - 2019 - Development of a Quiz â Implementation of a (Self-.pdf}
}

@book{stoegerWirksamesProjektmanagementMit2019,
  title = {{Wirksames Projektmanagement: Mit dem Project Model Canvas zu Resultaten}},
  shorttitle = {{Wirksames Projektmanagement}},
  author = {St{\"o}ger, Roman},
  year = {2019},
  publisher = {Sch{\"a}ffer-Poeschel},
  doi = {10.34156/9783791043289},
  urldate = {2023-12-09},
  isbn = {978-3-7910-4328-9},
  langid = {ngerman},
  file = {/Users/lukas/Zotero/storage/BF8KL557/StÃ¶ger - 2019 - Wirksames Projektmanagement Mit dem Project Model.pdf}
}

@article{stulzRiskManagementFailures2008,
  title = {Risk {{Management Failures}}: {{What Are They}} and {{When Do They Happen}}?},
  shorttitle = {Risk {{Management Failures}}},
  author = {Stulz, Ren{\'e} M.},
  year = {2008},
  journal = {Journal of Applied Corporate Finance},
  volume = {20},
  number = {4},
  pages = {39--48},
  issn = {1745-6622},
  doi = {10.1111/j.1745-6622.2008.00202.x},
  urldate = {2024-01-17},
  abstract = {The difficulties of the past year have convinced many observers that current risk management practices are deeply flawed, and that such flaws have contributed greatly to the current financial crisis. In this paper, the author challenges this view by showing the need to distinguish between flawed assessments by risk managers and corporate risk-taking decisions that, although resulting in losses, were reasonable at the time they were made. In making this distinction, the paper also identifies a number of different ways that risk management can fail. In addition to choosing the wrong risk metrics and misidentifying or mismeasuring risks, risk managers can fail to communicate their risk assessments and provide effective guidance to top management and boards. And once top management has used that information to help determine the firm's risk appetite and strategy, the risk management function can also fail to monitor risks appropriately and maintain the firm's targeted risk positions. But if risk management has been mistakenly identified as the culprit in many cases, current risk management practice can be improved by taking into account the lessons from financial crises past and present. In particular, such crises have occurred with enough frequency that crisis conditions can be modeled, at least to some extent. And when models reach their limits of usefulness, companies should consider using scenario planning that aims to reveal the implications of crises for their financial health and survival. Instead of relying on past data, scenario planning must use forward-looking economic analysis to evaluate the expected impact of sudden illiquidity and the associated feedback effects that are common in financial crises.},
  langid = {english},
  file = {/Users/lukas/Zotero/storage/S7WFJ6WG/Stulz - 2008 - Risk Management Failures What Are They and When D.pdf;/Users/lukas/Zotero/storage/2WH72WU6/j.1745-6622.2008.00202.html}
}

@article{suhandaRACIMatrixDesign2021,
  title = {{{RACI Matrix Design}} for {{Managing Stakeholders}} in {{Project Case Study}} of {{PT}}. {{XYZ}}},
  author = {Suhanda, Rahmad and Pratami, Devi},
  year = {2021},
  month = jul,
  journal = {International Journal of Innovation in Enterprise System},
  volume = {5},
  pages = {122--133},
  doi = {10.25124/ijies.v5i02.134},
  urldate = {2024-01-03},
  abstract = {Stakeholders are one of the most significant factors in the success of a project. The creation of good team performance in a project is caused by clear work responsibilities given to each project stakeholder so that stakeholders have responsibility for their work and can complete their work correctly. The responsibility assignment matrix is a method for managing the roles of each resource and describing the relationship between jobs for each job in the project, which is classified into four parts, namely Responsible, Assignment, Consult, and Informed. In this paper, a matrix will be designed to manage the work assignments of each stakeholder involved in the case of delays in project completion at PT. XYZ uses the RACI Matrix method as a guide. The results of the work assignment matrix design in the case study project of PT. XYZ shows that 12 stakeholders are grouped into four classifications according to the RACI components, which are arranged based on the level of interest and responsibility of each stakeholder to the project.},
  file = {/Users/lukas/Zotero/storage/LTDURWF8/Suhanda und Pratami - 2021 - RACI Matrix Design for Managing Stakeholders in Pr.pdf}
}

@article{wilsonGanttChartsCentenary2003,
  title = {Gantt Charts: {{A}} Centenary Appreciation},
  shorttitle = {Gantt Charts},
  author = {Wilson, James M.},
  year = {2003},
  month = sep,
  journal = {European Journal of Operational Research},
  series = {Sequencing and {{Scheduling}}},
  volume = {149},
  number = {2},
  pages = {430--437},
  issn = {0377-2217},
  doi = {10.1016/S0377-2217(02)00769-5},
  urldate = {2024-01-03},
  abstract = {With the proliferation of microcomputer based project management packages Gantt charts have enjoyed a revival in their use. Although Henry L. Gantt is recognized as their developer their origins and provenance are less well known. Gantt was a close associate of Frederick W. Taylor and an advocate of Scientific Management. His paper describing the use of ``graphics'' for general production planning appeared alongside Taylor's Shop Management in 1903 and was an integral and critical component of Taylor's system. Without Gantt's charts to plan the workloads for men and machines both in departments and throughout the factory Taylor's system would have been unworkable. The focus of this paper is to describe more fully their development and early history; and review their contemporary uses and future prospects.},
  keywords = {Gantt charts,Machine loading,Production planning,Project management},
  file = {/Users/lukas/Zotero/storage/T59ZH583/S0377221702007695.html}
}
